@preamble{ " \newcommand{\noop}[1]{} " } % a do-nothing command that serves a purpose

@ARTICLE{Jacobs:2016b,
   author = {{Jacobs}, D.~C. and {Burba}, J. and {Bowman}, J. and {Neben}, A.~R. and 
	{Stinnett}, B. and {Turner}, L.},
    title = "{The External Calibrator for Hydrogen Observatories}",
  journal = {ArXiv e-prints},
archivePrefix = "arXiv",
   eprint = {1610.02607},
 primaryClass = "astro-ph.IM",
 keywords = {Astrophysics - Instrumentation and Methods for Astrophysics},
     year = 2016,
    month = oct,
   adsurl = {http://adsabs.harvard.edu/abs/2016arXiv161002607J},
  adsnote = {Provided by the SAO/NASA Astrophysics Data System}
}


@ARTICLE{Jacobs:2011,
   author = {{Jacobs}, D.~C. and {Aguirre}, J.~E. and {Parsons}, A.~R. and 
	{Pober}, J.~C. and {Bradley}, R.~F. and {Carilli}, C.~L. and 
	{Gugliucci}, N.~E. and {Manley}, J.~R. and {van der Merwe}, C. and 
	{Moore}, D.~F. and {Parashare}, C.~R.},
    title = "{New 145 MHz Source Measurements by PAPER in the Southern Sky}",
  journal = {\apjl},
archivePrefix = "arXiv",
   eprint = {1105.1367},
 primaryClass = "astro-ph.CO",
 keywords = {catalogs, dark ages, reionization, first stars, instrumentation: interferometers},
     year = 2011,
    month = jun,
   volume = 734,
      eid = {L34},
    pages = {L34},
      doi = {10.1088/2041-8205/734/2/L34},
   adsurl = {http://adsabs.harvard.edu/abs/2011ApJ...734L..34J},
  adsnote = {Provided by the SAO/NASA Astrophysics Data System}
}


@ARTICLE{Pober:2016,
   author = {{Pober}, J.~C. and {Hazelton}, B.~J. and {Beardsley}, A.~P. and 
	{Barry}, N.~A. and {Martinot}, Z.~E. and {Sullivan}, I.~S. and 
	{Morales}, M.~F. and {Bell}, M.~E. and {Bernardi}, G. and {Bhat}, N.~D.~R. and 
	{Bowman}, J.~D. and {Briggs}, F. and {Cappallo}, R.~J. and {Carroll}, P. and 
	{Corey}, B.~E. and {de Oliveira-Costa}, A. and {Deshpande}, A.~A. and 
	{Dillon}, J.~S. and {Emrich}, D. and {Ewall-Wice}, A.~M. and 
	{Feng}, L. and {Goeke}, R. and {Greenhill}, L.~J. and {Hewitt}, J.~N. and 
	{Hindson}, L. and {Hurley-Walker}, N. and {Jacobs}, D.~C. and 
	{Johnston-Hollitt}, M. and {Kaplan}, D.~L. and {Kasper}, J.~C. and 
	{Kim}, H.-S. and {Kittiwisit}, P. and {Kratzenberg}, E. and 
	{Kudryavtseva}, N. and {Lenc}, E. and {Line}, J. and {Loeb}, A. and 
	{Lonsdale}, C.~J. and {Lynch}, M.~J. and {McKinley}, B. and 
	{McWhirter}, S.~R. and {Mitchell}, D.~A. and {Morgan}, E. and 
	{Neben}, A.~R. and {Oberoi}, D. and {Offringa}, A.~R. and {Ord}, S.~M. and 
	{Paul}, S. and {Pindor}, B. and {Prabu}, T. and {Procopio}, P. and 
	{Riding}, J. and {Rogers}, A.~E.~E. and {Roshi}, A. and {Sethi}, S.~K. and 
	{Udaya Shankar}, N. and {Srivani}, K.~S. and {Subrahmanyan}, R. and 
	{Tegmark}, M. and {Thyagarajan}, N. and {Tingay}, S.~J. and 
	{Trott}, C.~M. and {Waterson}, M. and {Wayth}, R.~B. and {Webster}, R.~L. and 
	{Whitney}, A.~R. and {Williams}, A. and {Williams}, C.~L. and 
	{Wyithe}, J.~S.~B.},
    title = "{The Importance of Wide-field Foreground Removal for 21 cm Cosmology: A Demonstration with Early MWA Epoch of Reionization Observations}",
  journal = {\apj},
archivePrefix = "arXiv",
   eprint = {1601.06177},
 primaryClass = "astro-ph.IM",
 keywords = {cosmology: observations, dark ages, reionization, first stars, techniques: interferometric},
     year = 2016,
    month = mar,
   volume = 819,
      eid = {8},
    pages = {8},
      doi = {10.3847/0004-637X/819/1/8},
   adsurl = {http://adsabs.harvard.edu/abs/2016ApJ...819....8P},
  adsnote = {Provided by the SAO/NASA Astrophysics Data System}
}

@ARTICLE{Oh:2003,
   author = {{Oh}, S.~P. and {Mack}, K.~J.},
    title = "{Foregrounds for 21-cm observations of neutral gas at high redshift}",
  journal = {\mnras},
   eprint = {astro-ph/0302099},
 keywords = {galaxies: formation, cosmology: theory, large-scale structure of Universe},
     year = 2003,
    month = dec,
   volume = 346,
    pages = {871-877},
      doi = {10.1111/j.1365-2966.2003.07133.x},
   adsurl = {http://adsabs.harvard.edu/abs/2003MNRAS.346..871O},
  adsnote = {Provided by the SAO/NASA Astrophysics Data System}
}


@ARTICLE{Zaldarriaga:2004,
   author = {{Zaldarriaga}, M. and {Furlanetto}, S.~R. and {Hernquist}, L.
	},
    title = "{21 Centimeter Fluctuations from Cosmic Gas at High Redshifts}",
  journal = {\apj},
   eprint = {astro-ph/0311514},
 keywords = {Cosmology: Theory, Cosmology: Diffuse Radiation, Galaxies: Intergalactic Medium},
     year = 2004,
    month = jun,
   volume = 608,
    pages = {622-635},
      doi = {10.1086/386327},
   adsurl = {http://adsabs.harvard.edu/abs/2004ApJ...608..622Z},
  adsnote = {Provided by the SAO/NASA Astrophysics Data System}
}


@ARTICLE{Beardsley:2012,
   author = {{Beardsley}, A.~P. and {Hazelton}, B.~J. and {Morales}, M.~F. and 
	{Capallo}, R.~J. and {Goeke}, R. and {Emrich}, D. and {Lonsdale}, C.~J. and 
	{Arcus}, W. and {Barnes}, D. and {Bernardi}, G. and {Bowman}, J.~D. and 
	{Bunton}, J.~D. and {Corey}, B.~E. and {Deshpande}, A. and {deSouza}, L. and 
	{Gaensler}, B.~M. and {Greenhill}, L.~J. and {Herne}, D. and 
	{Hewitt}, J.~N. and {Kaplan}, D.~L. and {Kasper}, J.~C. and 
	{Kincaid}, B.~B. and {Koenig}, R. and {Kratzenberg}, E. and 
	{Lynch}, M.~J. and {McWhirter}, S.~R. and {Mitchell}, D.~A. and 
	{Morgan}, E. and {Oberoi}, D. and {Ord}, S.~M. and {Pathikulangara}, J. and 
	{Prabu}, T. and {Remillard}, R.~A. and {Rogers}, A.~E.~E. and 
	{Roshi}, A. and {Salah}, J.~E. and {Sault}, R.~J. and {Shankar}, N.~U. and 
	{Srivani}, K.~S. and {Stevens}, J. and {Subrahmanyan}, R. and 
	{Tingay}, S.~J. and {Wayth}, R.~B. and {Waterson}, M. and {Webster}, R.~L. and 
	{Whitney}, A.~R. and {Williams}, A. and {Williams}, C.~L. and 
	{Wyithe}, J.~S.~B.},
    title = "{A new layout optimization technique for interferometric arrays, applied to the Murchison Widefield Array}",
  journal = {\mnras},
archivePrefix = "arXiv",
   eprint = {1203.1293},
 primaryClass = "astro-ph.IM",
 keywords = {instrumentation: interferometers, cosmology: miscellaneous },
     year = 2012,
    month = sep,
   volume = 425,
    pages = {1781-1788},
      doi = {10.1111/j.1365-2966.2012.20878.x},
   adsurl = {http://adsabs.harvard.edu/abs/2012MNRAS.425.1781B},
  adsnote = {Provided by the SAO/NASA Astrophysics Data System}
}


@ARTICLE{Greig:2015,
   author = {{Greig}, B. and {Mesinger}, A.},
    title = "{21CMMC: An MCMC analysis tool enabling astrophysical parameter studies of the cosmic 21cm signal}",
  journal = {ArXiv e-prints},
archivePrefix = "arXiv",
   eprint = {1501.06576},
 keywords = {Astrophysics - Cosmology and Nongalactic Astrophysics},
     year = 2015,
    month = jan,
   adsurl = {http://adsabs.harvard.edu/abs/2015arXiv150106576G},
  adsnote = {Provided by the SAO/NASA Astrophysics Data System}
}

@ARTICLE{Lenc:2016,
   author = {{Lenc}, E. and {Gaensler}, B.~M. and {Sun}, X.~H. and {Sadler}, E.~M. and 
	{Willis}, A.~G. and {Barry}, N. and {Beardsley}, A.~P. and {Bell}, M.~E. and 
	{Bernardi}, G. and {Bowman}, J.~D. and {Briggs}, F. and {Callingham}, J.~R. and 
	{Cappallo}, R.~J. and {Carroll}, P. and {Corey}, B.~E. and {de Oliveira-Costa}, A. and 
	{Deshpande}, A.~A. and {Dillon}, J.~S. and {Dwarkanath}, K.~S. and 
	{Emrich}, D. and {Ewall-Wice}, A. and {Feng}, L. and {For}, B.-Q. and 
	{Goeke}, R. and {Greenhill}, L.~J. and {Hancock}, P. and {Hazelton}, B.~J. and 
	{Hewitt}, J.~N. and {Hindson}, L. and {Hurley-Walker}, N. and 
	{Johnston-Hollitt}, M. and {Jacobs}, D.~C. and {Kapinska}, A.~D. and 
	{Kaplan}, D.~L. and {Kasper}, J.~C. and {Kim}, H.-S. and {Kratzenberg}, E. and 
	{Line}, J. and {Loeb}, A. and {Lonsdale}, C.~J. and {Lynch}, M.~J. and 
	{McKinley}, B. and {McWhirter}, S.~R. and {Mitchell}, D.~A. and 
	{Morales}, M.~F. and {Morgan}, E. and {Morgan}, J. and {Murphy}, T. and 
	{Neben}, A.~R. and {Oberoi}, D. and {Offringa}, A.~R. and {Ord}, S.~M. and 
	{Paul}, S. and {Pindor}, B. and {Pober}, J.~C. and {Prabu}, T. and 
	{Procopio}, P. and {Riding}, J. and {Rogers}, A.~E.~E. and {Roshi}, A. and 
	{Udaya Shankar}, N. and {Sethi}, S.~K. and {Srivani}, K.~S. and 
	{Staveley-Smith}, L. and {Subrahmanyan}, R. and {Sullivan}, I.~S. and 
	{Tegmark}, M. and {Thyagarajan}, N. and {Tingay}, S.~J. and 
	{Trott}, C. and {Waterson}, M. and {Wayth}, R.~B. and {Webster}, R.~L. and 
	{Whitney}, A.~R. and {Williams}, A. and {Williams}, C.~L. and 
	{Wu}, C. and {Wyithe}, J.~S.~B. and {Zheng}, Q.},
    title = "{Low frequency observations of linearly polarized structures in the interstellar medium near the south Galactic pole}",
  journal = {ArXiv e-prints},
archivePrefix = "arXiv",
   eprint = {1607.05779},
 keywords = {Astrophysics - Astrophysics of Galaxies, Astrophysics - Instrumentation and Methods for Astrophysics},
     year = 2016,
    month = jul,
   adsurl = {http://adsabs.harvard.edu/abs/2016arXiv160705779L},
  adsnote = {Provided by the SAO/NASA Astrophysics Data System}
}


@ARTICLE{Carroll:2016,
   author = {{Carroll}, P.~A. and {Line}, J. and {Morales}, M.~F. and {Barry}, N. and 
	{Beardsley}, A.~P. and {Hazelton}, B.~J. and {Jacobs}, D.~C. and 
	{Pober}, J.~C. and {Sullivan}, I.~S. and {Webster}, R.~L. and 
	{Bernardi}, G. and {Bowman}, J.~D. and {Briggs}, F. and {Cappallo}, R.~J. and 
	{Corey}, B.~E. and {de Oliveira-Costa}, A. and {Dillon}, J.~S. and 
	{Emrich}, D. and {Ewall-Wice}, A. and {Feng}, L. and {Gaensler}, B.~M. and 
	{Goeke}, R. and {Greenhill}, L.~J. and {Hewitt}, J.~N. and {Hurley-Walker}, N. and 
	{Johnston-Hollitt}, M. and {Kaplan}, D.~L. and {Kasper}, J.~C. and 
	{Kim}, H. and {Kratzenberg}, E. and {Lenc}, E. and {Loeb}, A. and 
	{Lonsdale}, C.~J. and {Lynch}, M.~J. and {McKinley}, B. and 
	{McWhirter}, S.~R. and {Mitchell}, D.~A. and {Morgan}, E. and 
	{Neben}, A.~R. and {Oberoi}, D. and {Offringa}, A.~R. and {Ord}, S.~M. and 
	{Paul}, S. and {Pindor}, B. and {Prabu}, T. and {Procopio}, P. and 
	{Riding}, J. and {Rogers}, A.~E.~E. and {Roshi}, A. and {Udaya Shankar}, N. and 
	{Sethi}, S.~K. and {Srivani}, K.~S. and {Subrahmanyan}, R. and 
	{Tegmark}, M. and {Thyagarajan}, N. and {Tingay}, S.~J. and 
	{Trott}, C.~M. and {Waterson}, M. and {Wayth}, R.~B. and {Whitney}, A.~R. and 
	{Williams}, A. and {Williams}, C.~L. and {Wu}, C. and {Wyithe}, J.~S.~B.
	},
    title = "{A High Reliability Survey of Discrete Epoch of Reionization Foreground Sources in the MWA EoR0 Field}",
  journal = {ArXiv e-prints},
archivePrefix = "arXiv",
   eprint = {1607.03861},
 primaryClass = "astro-ph.IM",
 keywords = {Astrophysics - Instrumentation and Methods for Astrophysics, Astrophysics - Cosmology and Nongalactic Astrophysics},
     year = 2016,
    month = jul,
   adsurl = {http://adsabs.harvard.edu/abs/2016arXiv160703861C},
  adsnote = {Provided by the SAO/NASA Astrophysics Data System}
}


@ARTICLE{Schmelling:1995,
   author = {{Schmelling}, M.},
    title = "{Averaging correlated data}",
  journal = {\physscr},
     year = 1995,
    month = jun,
   volume = 51,
    pages = {676-679},
      doi = {10.1088/0031-8949/51/6/002},
   adsurl = {http://adsabs.harvard.edu/abs/1995PhyS...51..676S},
  adsnote = {Provided by the SAO/NASA Astrophysics Data System}
}


@ARTICLE{Intema:2016,
   author = {{Intema}, H.~T. and {Jagannathan}, P. and {Mooley}, K.~P. and 
	{Frail}, D.~A.},
    title = "{The GMRT 150 MHz All-sky Radio Survey: First Alternative Data Release TGSS ADR1}",
  journal = {ArXiv e-prints},
archivePrefix = "arXiv",
   eprint = {1603.04368},
 keywords = {Astrophysics - Cosmology and Nongalactic Astrophysics, Astrophysics - Instrumentation and Methods for Astrophysics},
     year = 2016,
    month = mar,
   adsurl = {http://adsabs.harvard.edu/abs/2016arXiv160304368I},
  adsnote = {Provided by the SAO/NASA Astrophysics Data System}
}


@ARTICLE{Prandoni:2015,
   author = {{Prandoni}, I. and {Seymour}, N.},
    title = "{Revealing the Physics and Evolution of Galaxies and Galaxy Clusters with SKA Continuum Surveys}",
  journal = {Advancing Astrophysics with the Square Kilometre Array (AASKA14)},
archivePrefix = "arXiv",
   eprint = {1412.6512},
 primaryClass = "astro-ph.IM",
     year = 2015,
    month = apr,
      eid = {67},
    pages = {67},
   adsurl = {http://adsabs.harvard.edu/abs/2015aska.confE..67P},
  adsnote = {Provided by the SAO/NASA Astrophysics Data System}
}


@ARTICLE{Liu:2011b,
   author = {{Liu}, A. and {Tegmark}, M.},
    title = "{How well can we measure and understand foregrounds with 21-cm experiments?}",
  journal = {\mnras},
archivePrefix = "arXiv",
   eprint = {1106.0007},
 primaryClass = "astro-ph.CO",
 keywords = {methods: data analysis, techniques: interferometric, dark ages, reionization, first stars, radio lines: general},
     year = 2012,
    month = feb,
   volume = 419,
    pages = {3491-3504},
      doi = {10.1111/j.1365-2966.2011.19989.x},
   adsurl = {http://adsabs.harvard.edu/abs/2012MNRAS.419.3491L},
  adsnote = {Provided by the SAO/NASA Astrophysics Data System}
}

@ARTICLE{Kazemi:2013a,
   author = {{Kazemi}, S. and {Yatawatta}, S.},
    title = "{Robust radio interferometric calibration using the t-distribution}",
  journal = {\mnras},
archivePrefix = "arXiv",
   eprint = {1307.5040},
 primaryClass = "astro-ph.IM",
 keywords = {instrumentation: interferometers, methods: numerical, methods: statistical, techniques: interferometric},
     year = 2013,
    month = oct,
   volume = 435,
    pages = {597-605},
      doi = {10.1093/mnras/stt1347},
   adsurl = {http://adsabs.harvard.edu/abs/2013MNRAS.435..597K},
  adsnote = {Provided by the SAO/NASA Astrophysics Data System}
}


@ARTICLE{Jacobs:2016,
   author = {{Jacobs}, D.~C. and {Hazelton}, B.~J. and {Trott}, C.~M. and 
	{Dillon}, J.~S. and {Pindor}, B. and {Sullivan}, I.~S. and {Pober}, J.~C. and 
	{Barry}, N. and {Beardsley}, A.~P. and {Bernardi}, G. and {Bowman}, J.~D. and 
	{Briggs}, F. and {Cappallo}, R.~J. and {Carroll}, P. and {Corey}, B.~E. and 
	{de Oliveira-Costa}, A. and {Emrich}, D. and {Ewall-Wice}, A. and 
	{Feng}, L. and {Gaensler}, B.~M. and {Goeke}, R. and {Greenhill}, L.~J. and 
	{Hewitt}, J.~N. and {Hurley-Walker}, N. and {Johnston-Hollitt}, M. and 
	{Kaplan}, D.~L. and {Kasper}, J.~C. and {Kim}, H. and {Kratzenberg}, E. and 
	{Lenc}, E. and {Line}, J. and {Loeb}, A. and {Lonsdale}, C.~J. and 
	{Lynch}, M.~J. and {McKinley}, B. and {McWhirter}, S.~R. and 
	{Mitchell}, D.~A. and {Morales}, M.~F. and {Morgan}, E. and 
	{Neben}, A.~R. and {Thyagarajan}, N. and {Oberoi}, D. and {Offringa}, A.~R. and 
	{Ord}, S.~M. and {Paul}, S. and {Prabu}, T. and {Procopio}, P. and 
	{Riding}, J. and {Rogers}, A.~E.~E. and {Roshi}, A. and {Udaya Shankar}, N. and 
	{Sethi}, S.~K. and {Srivani}, K.~S. and {Subrahmanyan}, R. and 
	{Tegmark}, M. and {Tingay}, S.~J. and {Waterson}, M. and {Wayth}, R.~B. and 
	{Webster}, R.~L. and {Whitney}, A.~R. and {Williams}, A. and 
	{Williams}, C.~L. and {Wu}, C. and {Wyithe}, J.~S.~B.},
    title = "{The Murchison Widefield Array 21 cm Power Spectrum Analysis Methodology}",
  journal = {\apj},
archivePrefix = "arXiv",
   eprint = {1605.06978},
 primaryClass = "astro-ph.IM",
 keywords = {dark ages, reionization, first stars, methods: data analysis, techniques: interferometric},
     year = 2016,
    month = jul,
   volume = 825,
      eid = {114},
    pages = {114},
      doi = {10.3847/0004-637X/825/2/114},
   adsurl = {http://adsabs.harvard.edu/abs/2016ApJ...825..114J},
  adsnote = {Provided by the SAO/NASA Astrophysics Data System}
}




@ARTICLE{Kazemi:2013b,
   author = {{Kazemi}, S. and {Yatawatta}, S. and {Zaroubi}, S.},
    title = "{Clustered calibration: an improvement to radio interferometric direction-dependent self-calibration}",
  journal = {\mnras},
archivePrefix = "arXiv",
   eprint = {1301.0633},
 primaryClass = "astro-ph.IM",
 keywords = {methods: numerical, methods: statistical, techniques: interferometric},
     year = 2013,
    month = apr,
   volume = 430,
    pages = {1457-1472},
      doi = {10.1093/mnras/stt018},
   adsurl = {http://adsabs.harvard.edu/abs/2013MNRAS.430.1457K},
  adsnote = {Provided by the SAO/NASA Astrophysics Data System}
}


@ARTICLE{Sault:1996,
   author = {{Sault}, R.~J. and {Hamaker}, J.~P. and {Bregman}, J.~D.},
    title = "{Understanding radio polarimetry. II. Instrumental calibration of an interferometer array.}",
  journal = {\aaps},
 keywords = {METHODS: ANALYTICAL, METHODS: DATA ANALYSIS, TECHNIQUES: INTERFEROMETERS, TECHNIQUES: POLARIMETERS},
     year = 1996,
    month = may,
   volume = 117,
    pages = {149-159},
   adsurl = {http://adsabs.harvard.edu/abs/1996A%26AS..117..149S},
  adsnote = {Provided by the SAO/NASA Astrophysics Data System}
}


@ARTICLE{Patil:2016,
   author = {{Patil}, A.~H. and {Yatawatta}, S. and {Zaroubi}, S. and {Koopmans}, L.~V.~E. and 
	{de Bruyn}, A.~G. and {Jeli{\'c}}, V. and {Ciardi}, B. and {Iliev}, I.~T. and 
	{Mevius}, M. and {Pandey}, V.~N. and {Gehlot}, B.~K.},
    title = "{Systematic biases in low frequency radio interferometric data due to calibration: the LOFAR EoR case}",
  journal = {ArXiv e-prints},
archivePrefix = "arXiv",
   eprint = {1605.07619},
 primaryClass = "astro-ph.IM",
 keywords = {Astrophysics - Instrumentation and Methods for Astrophysics, Astrophysics - Cosmology and Nongalactic Astrophysics},
     year = 2016,
    month = may,
   adsurl = {http://adsabs.harvard.edu/abs/2016arXiv160507619P},
  adsnote = {Provided by the SAO/NASA Astrophysics Data System}
}


@techreport{Dewdney:2013,
author = {Dewdney, P},
title = {{SKA1 SYSTEM BASELINE DESIGN}},
year = {2013},
month = mar
}

@BOOK{Press:1992,
   author = {{Press}, W.~H. and {Teukolsky}, S.~A. and {Vetterling}, W.~T. and 
	{Flannery}, B.~P.},
    title = "{Numerical recipes in FORTRAN. The art of scientific computing}",
booktitle = {Cambridge: University Press, |c1992, 2nd ed.},
     year = 1992,
   adsurl = {http://adsabs.harvard.edu/abs/1992nrfa.book.....P},
  adsnote = {Provided by the SAO/NASA Astrophysics Data System}
}


@ARTICLE{Wang:2006,
   author = {{Wang}, X. and {Tegmark}, M. and {Santos}, M.~G. and {Knox}, L.
	},
    title = "{21 cm Tomography with Foregrounds}",
  journal = {\apj},
   eprint = {astro-ph/0501081},
 keywords = {Cosmology: Theory, Cosmology: Diffuse Radiation, ISM: Atoms, Methods: Analytical, Methods: Data Analysis, Radio Lines: General},
     year = 2006,
    month = oct,
   volume = 650,
    pages = {529-537},
      doi = {10.1086/506597},
   adsurl = {http://adsabs.harvard.edu/abs/2006ApJ...650..529W},
  adsnote = {Provided by the SAO/NASA Astrophysics Data System}
}


@ARTICLE{Bernardi:2015,
   author = {{Bernardi}, G. and {McQuinn}, M. and {Greenhill}, L.~J.},
    title = "{Foreground Model and Antenna Calibration Errors in the Measurement of the Sky-averaged {$\lambda$}21 cm Signal at z\~{} 20}",
  journal = {\apj},
archivePrefix = "arXiv",
   eprint = {1404.0887},
 keywords = {cosmology: observations, dark ages, reionization, first stars, early universe, intergalactic medium, methods: observational, techniques: interferometric },
     year = 2015,
    month = jan,
   volume = 799,
      eid = {90},
    pages = {90},
      doi = {10.1088/0004-637X/799/1/90},
   adsurl = {http://adsabs.harvard.edu/abs/2015ApJ...799...90B},
  adsnote = {Provided by the SAO/NASA Astrophysics Data System}
}


@ARTICLE{McQuinn:2006,
   author = {{McQuinn}, M. and {Zahn}, O. and {Zaldarriaga}, M. and {Hernquist}, L. and 
	{Furlanetto}, S.~R.},
    title = "{Cosmological Parameter Estimation Using 21 cm Radiation from the Epoch of Reionization}",
  journal = {\apj},
   eprint = {astro-ph/0512263},
 keywords = {Cosmology: Theory, Galaxies: Intergalactic Medium, Radio Lines: General},
     year = 2006,
    month = dec,
   volume = 653,
    pages = {815-834},
      doi = {10.1086/505167},
   adsurl = {http://adsabs.harvard.edu/abs/2006ApJ...653..815M},
  adsnote = {Provided by the SAO/NASA Astrophysics Data System}
}


@ARTICLE{Dillon:2016,
   author = {{Dillon}, J.~S. and {Parsons}, A.~R.},
    title = "{Redundant Array Configurations for 21 cm Cosmology}",
  journal = {ArXiv e-prints},
archivePrefix = "arXiv",
   eprint = {1602.06259},
 primaryClass = "astro-ph.IM",
 keywords = {Astrophysics - Instrumentation and Methods for Astrophysics, Astrophysics - Cosmology and Nongalactic Astrophysics},
     year = 2016,
    month = feb,
   adsurl = {http://adsabs.harvard.edu/abs/2016arXiv160206259D},
  adsnote = {Provided by the SAO/NASA Astrophysics Data System}
}



@ARTICLE{McQuinn:2015,
   author = {{McQuinn}, M.},
    title = "{The Evolution of the Intergalactic Medium}",
  journal = {ArXiv e-prints},
archivePrefix = "arXiv",
   eprint = {1512.00086},
 keywords = {Astrophysics - Cosmology and Nongalactic Astrophysics},
     year = 2015,
    month = nov,
   adsurl = {http://adsabs.harvard.edu/abs/2015arXiv151200086M},
  adsnote = {Provided by the SAO/NASA Astrophysics Data System}
}

@ARTICLE{Venumadhav:2015,
   author = {{Venumadhav}, T. and {Chang}, T.-C. and {Dor{\'e}}, O. and {Hirata}, C.~M.
	},
    title = "{A practical theorem on using interferometry to measure the global 21-cm signal}",
  journal = {ArXiv e-prints},
archivePrefix = "arXiv",
   eprint = {1512.05248},
 primaryClass = "astro-ph.IM",
 keywords = {Astrophysics - Instrumentation and Methods for Astrophysics, Astrophysics - Cosmology and Nongalactic Astrophysics},
     year = 2015,
    month = dec,
   adsurl = {http://adsabs.harvard.edu/abs/2015arXiv151205248V},
  adsnote = {Provided by the SAO/NASA Astrophysics Data System}
}

@ARTICLE{Presley:2015,
   author = {{Presley}, M.~E. and {Liu}, A. and {Parsons}, A.~R.},
    title = "{Measuring the Cosmological 21 cm Monopole with an Interferometer}",
  journal = {\apj},
archivePrefix = "arXiv",
   eprint = {1501.01633},
 keywords = {dark ages, reionization, first stars, techniques: interferometric},
     year = 2015,
    month = aug,
   volume = 809,
      eid = {18},
    pages = {18},
      doi = {10.1088/0004-637X/809/1/18},
   adsurl = {http://adsabs.harvard.edu/abs/2015ApJ...809...18P},
  adsnote = {Provided by the SAO/NASA Astrophysics Data System}
}


@ARTICLE{Singh:2015,
   author = {{Singh}, S. and {Subrahmanyan}, R. and {Udaya Shankar}, N. and 
	{Raghunathan}, A.},
    title = "{On the Detection of Global 21-cm Signal from Reionization Using Interferometers}",
  journal = {\apj},
archivePrefix = "arXiv",
   eprint = {1505.02491},
 primaryClass = "astro-ph.IM",
 keywords = {dark ages, reionization, first stars, techniques: interferometric},
     year = 2015,
    month = dec,
   volume = 815,
      eid = {88},
    pages = {88},
      doi = {10.1088/0004-637X/815/2/88},
   adsurl = {http://adsabs.harvard.edu/abs/2015ApJ...815...88S},
  adsnote = {Provided by the SAO/NASA Astrophysics Data System}
}


@INPROCEEDINGS{Furlanetto:2016Review,
   author = {{Furlanetto}, S.~R.},
    title = "{The 21-cm Line as a Probe of Reionization}",
 keywords = {Physics},
booktitle = {Astrophysics and Space Science Library},
     year = 2016,
   series = {Astrophysics and Space Science Library},
   volume = 423,
archivePrefix = "arXiv",
   eprint = {1511.01131},
   editor = {{Mesinger}, A.},
    pages = {247},
      doi = {10.1007/978-3-319-21957-8_9},
   adsurl = {http://adsabs.harvard.edu/abs/2016ASSL..423..247F},
  adsnote = {Provided by the SAO/NASA Astrophysics Data System}
}


@ARTICLE{Kohn:2016,
   author = {{Kohn}, S.~A. and {Aguirre}, J. and {Nunhokee}, C. and {Bernardi}, G. and 
	{Pober}, J. and {Ali}, Z. and {Bradley}, R. and {Carilli}, C. and 
	{DeBoer}, D. and {Gugliucci}, N. and {Jacobs}, D. and {Klima}, P. and 
	{MacMahon}, D. and {Manley}, J. and {Moore}, D. and {Parsons}, A. and 
	{Stefan}, I. and {Walbrugh}, W.},
    title = "{Constraining Polarized Foregrounds for EoR Experiments I: 2D Power Spectra from the PAPER-32 Imaging Array}",
  journal = {ArXiv e-prints},
archivePrefix = "arXiv",
   eprint = {1602.02635},
 primaryClass = "astro-ph.IM",
 keywords = {Astrophysics - Instrumentation and Methods for Astrophysics, Astrophysics - Cosmology and Nongalactic Astrophysics},
     year = 2016,
    month = feb,
   adsurl = {http://adsabs.harvard.edu/abs/2016arXiv160202635K},
  adsnote = {Provided by the SAO/NASA Astrophysics Data System}
}


@ARTICLE{Offringa:2016,
   author = {{Offringa}, A.~R. and {Trott}, C.~M. and {Hurley-Walker}, N. and 
	{Johnston-Hollitt}, M. and {McKinley}, B. and {Barry}, N. and 
	{Beardsley}, A.~P. and {Bowman}, J.~D. and {Briggs}, F. and 
	{Carroll}, P. and {Dillon}, J.~S. and {Ewall-Wice}, A. and {Feng}, L. and 
	{Gaensler}, B.~M. and {Greenhill}, L.~J. and {Hazelton}, B.~J. and 
	{Hewitt}, J.~N. and {Jacobs}, D.~C. and {Kim}, H.-S. and {Kittiwisit}, P. and 
	{Lenc}, E. and {Line}, J. and {Loeb}, A. and {Mitchell}, D.~A. and 
	{Morales}, M.~F. and {Neben}, A.~R. and {Paul}, S. and {Pindor}, B. and 
	{Pober}, J.~C. and {Procopio}, P. and {Riding}, J. and {Sethi}, S.~K. and 
	{Shankar}, N.~U. and {Subrahmanyan}, R. and {Sullivan}, I.~S. and 
	{Tegmark}, M. and {Thyagarajan}, N. and {Tingay}, S.~J. and 
	{Wayth}, R.~B. and {Webster}, R.~L. and {Wyithe}, J.~S.~B.},
    title = "{Parametrizing Epoch of Reionization foregrounds: a deep survey of low-frequency point-source spectra with the Murchison Widefield Array}",
  journal = {\mnras},
archivePrefix = "arXiv",
   eprint = {1602.02247},
 primaryClass = "astro-ph.IM",
 keywords = {methods: observational, techniques: interferometric, dark ages, reionization, first stars, radio continuum: general, radio lines: galaxies},
     year = 2016,
    month = may,
   volume = 458,
    pages = {1057-1070},
      doi = {10.1093/mnras/stw310},
   adsurl = {http://adsabs.harvard.edu/abs/2016MNRAS.458.1057O},
  adsnote = {Provided by the SAO/NASA Astrophysics Data System}
}



@INPROCEEDINGS{Newburgh:2014,
   author = {{Newburgh}, L.~B. and {Addison}, G.~E. and {Amiri}, M. and {Bandura}, K. and 
	{Bond}, J.~R. and {Connor}, L. and {Cliche}, J.-F. and {Davis}, G. and 
	{Deng}, M. and {Denman}, N. and {Dobbs}, M. and {Fandino}, M. and 
	{Fong}, H. and {Gibbs}, K. and {Gilbert}, A. and {Griffin}, E. and 
	{Halpern}, M. and {Hanna}, D. and {Hincks}, A.~D. and {Hinshaw}, G. and 
	{H{\"o}fer}, C. and {Klages}, P. and {Landecker}, T. and {Masui}, K. and 
	{Parra}, J.~M. and {Pen}, U.-L. and {Peterson}, J. and {Recnik}, A. and 
	{Shaw}, J.~R. and {Sigurdson}, K. and {Sitwell}, M. and {Smecher}, G. and 
	{Smegal}, R. and {Vanderlinde}, K. and {Wiebe}, D.},
    title = "{Calibrating CHIME: a new radio interferometer to probe dark energy}",
booktitle = {Ground-based and Airborne Telescopes V},
     year = 2014,
   series = {\procspie},
   volume = 9145,
archivePrefix = "arXiv",
   eprint = {1406.2267},
 primaryClass = "astro-ph.IM",
    month = jul,
      eid = {91454V},
    pages = {91454V},
      doi = {10.1117/12.2056962},
   adsurl = {http://adsabs.harvard.edu/abs/2014SPIE.9145E..4VN},
  adsnote = {Provided by the SAO/NASA Astrophysics Data System}
}


@INPROCEEDINGS{Bandura:2014,
   author = {{Bandura}, K. and {Addison}, G.~E. and {Amiri}, M. and {Bond}, J.~R. and 
	{Campbell-Wilson}, D. and {Connor}, L. and {Cliche}, J.-F. and 
	{Davis}, G. and {Deng}, M. and {Denman}, N. and {Dobbs}, M. and 
	{Fandino}, M. and {Gibbs}, K. and {Gilbert}, A. and {Halpern}, M. and 
	{Hanna}, D. and {Hincks}, A.~D. and {Hinshaw}, G. and {H{\"o}fer}, C. and 
	{Klages}, P. and {Landecker}, T.~L. and {Masui}, K. and {Mena Parra}, J. and 
	{Newburgh}, L.~B. and {Pen}, U.-l. and {Peterson}, J.~B. and 
	{Recnik}, A. and {Shaw}, J.~R. and {Sigurdson}, K. and {Sitwell}, M. and 
	{Smecher}, G. and {Smegal}, R. and {Vanderlinde}, K. and {Wiebe}, D.
	},
    title = "{Canadian Hydrogen Intensity Mapping Experiment (CHIME) pathfinder}",
booktitle = {Ground-based and Airborne Telescopes V},
     year = 2014,
   series = {\procspie},
   volume = 9145,
archivePrefix = "arXiv",
   eprint = {1406.2288},
 primaryClass = "astro-ph.IM",
    month = jul,
      eid = {914522},
    pages = {914522},
      doi = {10.1117/12.2054950},
   adsurl = {http://adsabs.harvard.edu/abs/2014SPIE.9145E..22B},
  adsnote = {Provided by the SAO/NASA Astrophysics Data System}
}


@ARTICLE{Thyagarajan:2016,
   author = {{Thyagarajan}, N. and {Parsons}, A. and {DeBoer}, D. and {Bowman}, J. and 
	{Ewall-Wice}, A. and {Neben}, A. and {Patra}, N.},
    title = "{Effects of Antenna Beam Chromaticity on Redshifted 21\~{}cm Power Spectrum and Implications for Hydrogen Epoch of Reionization Array}",
  journal = {ArXiv e-prints},
archivePrefix = "arXiv",
   eprint = {1603.08958},
 keywords = {Astrophysics - Cosmology and Nongalactic Astrophysics},
     year = 2016,
    month = mar,
   adsurl = {http://adsabs.harvard.edu/abs/2016arXiv160308958T},
  adsnote = {Provided by the SAO/NASA Astrophysics Data System}
}


@ARTICLE{Kazemi:2011,
   author = {{Kazemi}, S. and {Yatawatta}, S. and {Zaroubi}, S. and {Lampropoulos}, P. and 
	{de Bruyn}, A.~G. and {Koopmans}, L.~V.~E. and {Noordam}, J.
	},
    title = "{Radio interferometric calibration using the SAGE algorithm}",
  journal = {\mnras},
archivePrefix = "arXiv",
   eprint = {1012.1722},
 primaryClass = "astro-ph.IM",
 keywords = {methods: numerical, methods: statistical, techniques: interferometric},
     year = 2011,
    month = jun,
   volume = 414,
    pages = {1656-1666},
      doi = {10.1111/j.1365-2966.2011.18506.x},
   adsurl = {http://adsabs.harvard.edu/abs/2011MNRAS.414.1656K},
  adsnote = {Provided by the SAO/NASA Astrophysics Data System}
}


@ARTICLE{EwallWice:2016,
   author = {{Ewall-Wice}, A. and {Bradley}, R. and {DeBoer}, D. and {Hewitt}, J. and 
	{Parsons}, A. and {Aguirre}, J. and {Ali}, Z.~S. and {Bowman}, J. and 
	{Cheng}, C. and {Neben}, A.~R. and {Patra}, N. and {Thyagarajan}, N. and 
	{Venter}, M. and {de Lera Acedo}, E. and {Dillon}, J.~S. and 
	{Doolittle}, R. and {Egan}, D. and {Hendrick}, M. and {Klima}, P. and 
	{Kohn}, S. and {Schaffner}, P. and {Shelton}, J. and {Saliwanchik}, B. and 
	{Tegmark}, M. and {Taylor}, H.~A. and {Taylor}, R. and {Wirt}, B.
	},
    title = "{The HERA Dish II: Electromagnetic Simulations and Science Implications}",
  journal = {ArXiv e-prints},
archivePrefix = "arXiv",
   eprint = {1602.06277},
 keywords = {Astrophysics - Cosmology and Nongalactic Astrophysics, Astrophysics - Instrumentation and Methods for Astrophysics},
     year = 2016,
    month = feb,
   adsurl = {http://adsabs.harvard.edu/abs/2016arXiv160206277E},
  adsnote = {Provided by the SAO/NASA Astrophysics Data System}
}


@ARTICLE{Titheridge:1973,
   author = {{Titheridge}, J.~E.},
    title = "{The electron content of the southern mid-latitude ionosphere, 1965 - 1971.}",
  journal = {Journal of Atmospheric and Terrestrial Physics},
     year = 1973,
    month = may,
   volume = 35,
    pages = {981-1001},
   adsurl = {http://adsabs.harvard.edu/abs/1973JATP...35..981T},
  adsnote = {Provided by the SAO/NASA Astrophysics Data System}
}


@ARTICLE{Yeh:1966,
   author = {{Yeh}, K.~C. and {Flaherty}, B.~J.},
    title = "{Ionospheric electron content at temperate latitudes during the declining phase of the sunspot cycle}",
  journal = {\jgr},
 keywords = {Particles and Fields in the Earth's Magnetosphere: Short-period (less than 1 day) variations of magnetic field, Particles and Fields in the Ionosphere: Ion densities and temperatures, Particles and Fields in the Ionosphere: Total electron content},
     year = 1966,
    month = oct,
   volume = 71,
    pages = {4557-4570},
      doi = {10.1029/JZ071i019p04557},
   adsurl = {http://adsabs.harvard.edu/abs/1966JGR....71.4557Y},
  adsnote = {Provided by the SAO/NASA Astrophysics Data System}
}


@ARTICLE{daRosa:1973,
   author = {{da Rosa}, A.~V. and {Waldman}, H. and {Bendito}, J. and {Garriott}, O.~K.
	},
    title = "{Response of the ionospheric electron content to fluctuations in solar activity.}",
  journal = {Journal of Atmospheric and Terrestrial Physics},
     year = 1973,
   volume = 35,
    pages = {1429-1442},
   adsurl = {http://adsabs.harvard.edu/abs/1973JATP...35.1429D},
  adsnote = {Provided by the SAO/NASA Astrophysics Data System}
}

@ARTICLE{Offringa:2016,
   author = {{Offringa}, A.~R. and {Trott}, C.~M. and {Hurley-Walker}, N. and 
	{Johnston-Hollitt}, M. and {McKinley}, B. and {Barry}, N. and 
	{Beardsley}, A.~P. and {Bowman}, J.~D. and {Briggs}, F. and 
	{Carroll}, P. and {Dillon}, J.~S. and {Ewall-Wice}, A. and {Feng}, L. and 
	{Gaensler}, B.~M. and {Greenhill}, L.~J. and {Hazelton}, B.~J. and 
	{Hewitt}, J.~N. and {Jacobs}, D.~C. and {Kim}, H.-S. and {Kittiwisit}, P. and 
	{Lenc}, E. and {Line}, J. and {Loeb}, A. and {Mitchell}, D.~A. and 
	{Morales}, M.~F. and {Neben}, A.~R. and {Paul}, S. and {Pindor}, B. and 
	{Pober}, J.~C. and {Procopio}, P. and {Riding}, J. and {Sethi}, S.~K. and 
	{Shankar}, N.~U. and {Subrahmanyan}, R. and {Sullivan}, I.~S. and 
	{Tegmark}, M. and {Thyagarajan}, N. and {Tingay}, S.~J. and 
	{Wayth}, R.~B. and {Webster}, R.~L. and {Wyithe}, J.~S.~B.},
    title = "{Parametrising Epoch of Reionization foregrounds: A deep survey of low-frequency point-source spectra with the MWA}",
  journal = {\mnras},
archivePrefix = "arXiv",
   eprint = {1602.02247},
 primaryClass = "astro-ph.IM",
 keywords = {cosmology: dark ages, reionization, first stars, radio continuum: general, radio lines: galaxies, methods: observational, techniques: interferometric},
     year = 2016,
    month = feb,
      doi = {10.1093/mnras/stw310},
   adsurl = {http://adsabs.harvard.edu/abs/2016MNRAS.tmp..109O},
  adsnote = {Provided by the SAO/NASA Astrophysics Data System}
}

@ARTICLE{Neben:2016,
   author = {{Neben}, A.~R. and {Bradley}, R.~F. and {Hewitt}, J.~N. and 
	{DeBoer}, D.~R. and {Parsons}, A.~R. and {Aguirre}, J.~E. and 
	{Ali}, Z.~S. and {Cheng}, C. and {Ewall-Wice}, A. and {Patra}, N. and 
	{Thyagarajan}, N. and {Bowman}, J. and {Dickenson}, R. and {Dillon}, J.~S. and 
	{Doolittle}, P. and {Egan}, D. and {Hedrick}, M. and {Jacobs}, D.~C. and 
	{Kohn}, S.~A. and {Klima}, P.~J. and {Moodley}, K. and {Saliwanchik}, B.~R.~B. and 
	{Schaffner}, P. and {Shelton}, J. and {Taylor}, H.~A. and {Taylor}, R. and 
	{Tegmark}, M. and {Wirt}, B. and {Zheng}, H.},
    title = "{The Hydrogen Epoch of Reionization Array Dish I: Beam Pattern Measurements and Science Implications}",
  journal = {ArXiv e-prints},
archivePrefix = "arXiv",
   eprint = {1602.03887},
 primaryClass = "astro-ph.IM",
 keywords = {Astrophysics - Instrumentation and Methods for Astrophysics, Astrophysics - Cosmology and Nongalactic Astrophysics},
     year = 2016,
    month = feb,
   adsurl = {http://adsabs.harvard.edu/abs/2016arXiv160203887N},
  adsnote = {Provided by the SAO/NASA Astrophysics Data System}
}


@ARTICLE{Bartels:1939,
   author = {{Bartels}, J. and {Heck}, N.~H. and {Johnston}, H.~F.},
    title = "{The three-hour-range index measuring geomagnetic activity}",
  journal = {Terrestrial Magnetism and Atmospheric Electricity (Journal of Geophysical Research)},
     year = 1939,
   volume = 44,
    pages = {411},
      doi = {10.1029/TE044i004p00411},
   adsurl = {http://adsabs.harvard.edu/abs/1939TeMAE..44..411B},
  adsnote = {Provided by the SAO/NASA Astrophysics Data System}
}


@ARTICLE{Neben:2015,
   author = {{Neben}, A.~R. and {Bradley}, R.~F. and {Hewitt}, J.~N. and 
	{Bernardi}, G. and {Bowman}, J.~D. and {Briggs}, F. and {Cappallo}, R.~J. and 
	{Deshpande}, A.~A. and {Goeke}, R. and {Greenhill}, L.~J. and 
	{Hazelton}, B.~J. and {Johnston-Hollitt}, M. and {Kaplan}, D.~L. and 
	{Lonsdale}, C.~J. and {McWhirter}, S.~R. and {Mitchell}, D.~A. and 
	{Morales}, M.~F. and {Morgan}, E. and {Oberoi}, D. and {Ord}, S.~M. and 
	{Prabu}, T. and {Shankar}, N.~U. and {Srivani}, K.~S. and {Subrahmanyan}, R. and 
	{Tingay}, S.~J. and {Wayth}, R.~B. and {Webster}, R.~L. and 
	{Williams}, A. and {Williams}, C.~L.},
    title = "{Measuring phased-array antenna beampatterns with high dynamic range for the Murchison Widefield Array using 137 MHz ORBCOMM satellites}",
  journal = {Radio Science},
archivePrefix = "arXiv",
   eprint = {1505.07114},
 primaryClass = "astro-ph.IM",
 keywords = {antenna arrays, radio astronomy, antennas},
     year = 2015,
    month = jul,
   volume = 50,
    pages = {614-629},
      doi = {10.1002/2015RS005678},
   adsurl = {http://adsabs.harvard.edu/abs/2015RaSc...50..614N},
  adsnote = {Provided by the SAO/NASA Astrophysics Data System}
}


@ARTICLE{EwallWice:2015a,
   author = {{Ewall-Wice}, A. and {Dillon}, J.~S. and {Hewitt}, J.~N. and 
	{Loeb}, A. and {Mesinger}, A. and {Neben}, A.~R. and {Offringa}, A.~R. and 
	{Tegmark}, M. and {Barry}, N. and {Beardsley}, A.~P. and {Bernardi}, G. and 
	{Bowman}, J.~D. and {Briggs}, F. and {Cappallo}, R.~J. and {Carroll}, P. and 
	{Corey}, B.~E. and {de Oliveira-Costa}, A. and {Emrich}, D. and 
	{Feng}, L. and {Gaensler}, B.~M. and {Goeke}, R. and {Greenhill}, L.~J. and 
	{Hazelton}, B.~J. and {Hurley-Walker}, N. and {Johnston-Hollitt}, M. and 
	{Jacobs}, D.~C. and {Kaplan}, D.~L. and {Kasper}, J.~C. and 
	{Kim}, H. and {Kratzenberg}, E. and {Lenc}, E. and {Line}, J. and 
	{Lonsdale}, C.~J. and {Lynch}, M.~J. and {McKinley}, B. and 
	{McWhirter}, S.~R. and {Mitchell}, D.~A. and {Morales}, M.~F. and 
	{Morgan}, E. and {Thyagarajan}, N. and {Oberoi}, D. and {Ord}, S.~M. and 
	{Paul}, S. and {Pindor}, B. and {Pober}, J.~C. and {Prabu}, T. and 
	{Procopio}, P. and {Riding}, J. and {Rogers}, A.~E.~E. and {Roshi}, A. and 
	{Shankar}, N.~U. and {Sethi}, S.~K. and {Srivani}, K.~S. and 
	{Subrahmanyan}, R. and {Sullivan}, I.~S. and {Tingay}, S.~J. and 
	{Trott}, C.~M. and {Waterson}, M. and {Wayth}, R.~B. and {Webster}, R.~L. and 
	{Whitney}, A.~R. and {Williams}, A. and {Williams}, C.~L. and 
	{Wu}, C. and {Wyithe}, J.~S.~B.},
    title = "{First limits on the 21 cm power spectrum during the Epoch of X-ray heating}",
  journal = {\mnras},
archivePrefix = "arXiv",
   eprint = {1605.00016},
 keywords = {techniques: interferometric, dark ages, reionization, first stars, radio lines: general, X-rays: galaxies},
     year = 2016,
    month = aug,
   volume = 460,
    pages = {4320-4347},
      doi = {10.1093/mnras/stw1022},
   adsurl = {http://adsabs.harvard.edu/abs/2016MNRAS.460.4320E},
  adsnote = {Provided by the SAO/NASA Astrophysics Data System}
}


@ARTICLE{EwallWice:2015b,
   author = {{Ewall-Wice}, A. and {Hewitt}, J. and {Mesinger}, A. and {Dillon}, J.~S. and 
	{Liu}, A. and {Pober}, J.},
    title = "{Constraining high-redshift X-ray sources with next generation 21-cm power spectrum measurements}",
  journal = {\mnras},
archivePrefix = "arXiv",
   eprint = {1511.04101},
 keywords = {techniques: interferometric, dark ages, reionization, first stars, radio lines: general, X-rays: galaxies},
     year = 2016,
    month = may,
   volume = 458,
    pages = {2710-2724},
      doi = {10.1093/mnras/stw452},
   adsurl = {http://adsabs.harvard.edu/abs/2016MNRAS.458.2710E},
  adsnote = {Provided by the SAO/NASA Astrophysics Data System}
}




@ARTICLE{Santos:2008,
   author = {{Santos}, M.~G. and {Amblard}, A. and {Pritchard}, J. and {Trac}, H. and 
	{Cen}, R. and {Cooray}, A.},
    title = "{Cosmic Reionization and the 21 cm Signal: Comparison between an Analytical Model and a Simulation}",
  journal = {\apj},
archivePrefix = "arXiv",
   eprint = {0708.2424},
 keywords = {Cosmology: Theory, Cosmology: Diffuse Radiation, Cosmology: Large-Scale Structure of Universe},
     year = 2008,
    month = dec,
   volume = 689,
    pages = {1-16},
      doi = {10.1086/592487},
   adsurl = {http://adsabs.harvard.edu/abs/2008ApJ...689....1S},
  adsnote = {Provided by the SAO/NASA Astrophysics Data System}
}


@ARTICLE{Baek:2010,
   author = {{Baek}, S. and {Semelin}, B. and {Di Matteo}, P. and {Revaz}, Y. and 
	{Combes}, F.},
    title = "{Reionization by UV or X-ray sources}",
  journal = {\aap},
archivePrefix = "arXiv",
   eprint = {1003.0834},
 keywords = {dark ages, reionization, first stars, radiative transfer, HII regions, quasars: general, intergalactic medium, early Universe},
     year = 2010,
    month = nov,
   volume = 523,
      eid = {A4},
    pages = {A4},
      doi = {10.1051/0004-6361/201014347},
   adsurl = {http://adsabs.harvard.edu/abs/2010A%26A...523A...4B},
  adsnote = {Provided by the SAO/NASA Astrophysics Data System}
}


@ARTICLE{Geil:2011,
   author = {{Geil}, P.~M. and {Gaensler}, B.~M. and {Wyithe}, J.~S.~B.},
    title = "{Polarized foreground removal at low radio frequencies using rotation measure synthesis: uncovering the signature of hydrogen reionization}",
  journal = {\mnras},
archivePrefix = "arXiv",
   eprint = {1011.2321},
 keywords = {instrumentation: interferometers, techniques: polarimetric, cosmology: observations, cosmology: theory, diffuse radiation, radio continuum: general},
     year = 2011,
    month = nov,
   volume = 418,
    pages = {516-535},
      doi = {10.1111/j.1365-2966.2011.19509.x},
   adsurl = {http://adsabs.harvard.edu/abs/2011MNRAS.418..516G},
  adsnote = {Provided by the SAO/NASA Astrophysics Data System}
}

@ARTICLE{Braun:2013,
   author = {{Braun}, R.},
    title = "{Understanding synthesis imaging dynamic range}",
  journal = {\aap},
archivePrefix = "arXiv",
   eprint = {1208.6352},
 primaryClass = "astro-ph.IM",
 keywords = {instrumentation: interferometers, methods: observational, techniques: interferometric, telescopes},
     year = 2013,
    month = mar,
   volume = 551,
      eid = {A91},
    pages = {A91},
      doi = {10.1051/0004-6361/201220257},
   adsurl = {http://adsabs.harvard.edu/abs/2013A%26A...551A..91B},
  adsnote = {Provided by the SAO/NASA Astrophysics Data System}
}

@ARTICLE{Cotton:2012,
   author = {{Cotton}, W.~D.},
    title = "{a New Method for Cross Polarized Delay Calibration of Radio Interferometers}",
  journal = {Journal of Astronomical Instrumentation },
archivePrefix = "arXiv",
   eprint = {1205.3991},
 primaryClass = "astro-ph.IM",
 keywords = {radio interferometry, polarization calibration},
     year = 2012,
    month = dec,
   volume = 1,
      eid = {1250001},
    pages = {1250001},
      doi = {10.1142/S2251171712500018},
   adsurl = {http://adsabs.harvard.edu/abs/2012JAI.....150001C},
  adsnote = {Provided by the SAO/NASA Astrophysics Data System}
}


@ARTICLE{Moore:2013,
   author = {{Moore}, D.~F. and {Aguirre}, J.~E. and {Parsons}, A.~R. and 
	{Jacobs}, D.~C. and {Pober}, J.~C.},
    title = "{The Effects of Polarized Foregrounds on 21 cm Epoch of Reionization Power Spectrum Measurements}",
  journal = {\apj},
archivePrefix = "arXiv",
   eprint = {1302.0876},
 primaryClass = "astro-ph.CO",
 keywords = {cosmology: observations, instrumentation: interferometers, instrumentation: polarimeters},
     year = 2013,
    month = jun,
   volume = 769,
      eid = {154},
    pages = {154},
      doi = {10.1088/0004-637X/769/2/154},
   adsurl = {http://adsabs.harvard.edu/abs/2013ApJ...769..154M},
  adsnote = {Provided by the SAO/NASA Astrophysics Data System}
}


@ARTICLE{Moore:2015,
   author = {{Moore}, D. and {Aguirre}, J.~E. and {Parsons}, A. and {Ali}, Z. and 
	{Bradley}, R. and {Carilli}, C. and {DeBoer}, D. and {Dexter}, M. and 
	{Gugliucci}, N. and {Jacobs}, D. and {Klima}, P. and {Liu}, A. and 
	{MacMahon}, D. and {Manley}, J. and {Pober}, J. and {Stefan}, I. and 
	{Walbrugh}, W.},
    title = "{New Limits on Polarized Power Spectra at 126 and 164 MHz: Relevance to Epoch of Reionization Measurements}",
  journal = {ArXiv e-prints},
archivePrefix = "arXiv",
   eprint = {1502.05072},
 keywords = {Astrophysics - Cosmology and Nongalactic Astrophysics, Astrophysics - Instrumentation and Methods for Astrophysics},
     year = 2015,
    month = feb,
   adsurl = {http://adsabs.harvard.edu/abs/2015arXiv150205072M},
  adsnote = {Provided by the SAO/NASA Astrophysics Data System}
}



@ARTICLE{Pober:2014,
   author = {{Pober}, J.~C. and {Liu}, A. and {Dillon}, J.~S. and {Aguirre}, J.~E. and 
	{Bowman}, J.~D. and {Bradley}, R.~F. and {Carilli}, C.~L. and 
	{DeBoer}, D.~R. and {Hewitt}, J.~N. and {Jacobs}, D.~C. and 
	{McQuinn}, M. and {Morales}, M.~F. and {Parsons}, A.~R. and 
	{Tegmark}, M. and {Werthimer}, D.~J.},
    title = "{What Next-generation 21 cm Power Spectrum Measurements can Teach us About the Epoch of Reionization}",
  journal = {\apj},
archivePrefix = "arXiv",
   eprint = {1310.7031},
 keywords = {dark ages, reionization, first stars, techniques: interferometric},
     year = 2014,
    month = feb,
   volume = 782,
      eid = {66},
    pages = {66},
      doi = {10.1088/0004-637X/782/2/66},
   adsurl = {http://adsabs.harvard.edu/abs/2014ApJ...782...66P},
  adsnote = {Provided by the SAO/NASA Astrophysics Data System}
}


@ARTICLE{Rufenach:1974,
   author = {{Rufenach}, C.~L.},
    title = "{Wavelength dependence of radio scintillation: Ionosphere and interplanetary irregularities}",
  journal = {\jgr},
 keywords = {Particles and Fields-Interplanetary Space: Solar wind plasma, Particles and Fields-Ionosphere: Interactions between waves and particles, Particles and Fields-Ionosphere: Ionospheric disturbances},
     year = 1974,
   volume = 79,
    pages = {1562},
      doi = {10.1029/JA079i010p01562},
   adsurl = {http://adsabs.harvard.edu/abs/1974JGR....79.1562R},
  adsnote = {Provided by the SAO/NASA Astrophysics Data System}
}




@ARTICLE{Mesinger:2011,
   author = {{Mesinger}, A. and {Furlanetto}, S. and {Cen}, R.},
    title = "{21CMFAST: a fast, seminumerical simulation of the high-redshift 21-cm signal}",
  journal = {\mnras},
archivePrefix = "arXiv",
   eprint = {1003.3878},
 keywords = {methods: numerical, galaxies: high redshift, dark ages, reionization, first stars, diffuse radiation, early Universe, large-scale structure of Universe},
     year = 2011,
    month = feb,
   volume = 411,
    pages = {955-972},
      doi = {10.1111/j.1365-2966.2010.17731.x},
   adsurl = {http://adsabs.harvard.edu/abs/2011MNRAS.411..955M},
  adsnote = {Provided by the SAO/NASA Astrophysics Data System}
}





@ARTICLE{Mesinger:2014,
   author = {{Mesinger}, A. and {Ewall-Wice}, A. and {Hewitt}, J.},
    title = "{Reionization and beyond: detecting the peaks of the cosmological 21 cm signal}",
  journal = {\mnras},
archivePrefix = "arXiv",
   eprint = {1310.0465},
 keywords = {galaxies: high-redshift, intergalactic medium, dark ages, reionization, first stars, diffuse radiation, early Universe, X-rays: diffuse background},
     year = 2014,
    month = apr,
   volume = 439,
    pages = {3262-3274},
      doi = {10.1093/mnras/stu125},
   adsurl = {http://adsabs.harvard.edu/abs/2014MNRAS.439.3262M},
  adsnote = {Provided by the SAO/NASA Astrophysics Data System}
}
@ARTICLE{EwallWice:2014,
   author = {{Ewall-Wice}, A. and {Dillon}, J.~S. and {Mesinger}, A. and 
	{Hewitt}, J.},
    title = "{Detecting the 21 cm forest in the 21 cm power spectrum}",
  journal = {\mnras},
archivePrefix = "arXiv",
   eprint = {1310.7936},
 keywords = {early Universe, radio continuum: galaxies, X-rays: galaxies},
     year = 2014,
    month = jul,
   volume = 441,
    pages = {2476-2496},
      doi = {10.1093/mnras/stu666},
   adsurl = {http://adsabs.harvard.edu/abs/2014MNRAS.441.2476E},
  adsnote = {Provided by the SAO/NASA Astrophysics Data System}
}
@ARTICLE{Mao:2008,
   author = {{Mao}, Y. and {Tegmark}, M. and {McQuinn}, M. and {Zaldarriaga}, M. and 
	{Zahn}, O.},
    title = "{How accurately can 21cm tomography constrain cosmology?}",
  journal = {\prd},
archivePrefix = "arXiv",
   eprint = {0802.1710},
 keywords = {Observational cosmology, HI regions and 21-cm lines, diffuse translucent and high-velocity clouds},
     year = 2008,
    month = jul,
   volume = 78,
   number = 2,
      eid = {023529},
    pages = {023529},
      doi = {10.1103/PhysRevD.78.023529},
   adsurl = {http://adsabs.harvard.edu/abs/2008PhRvD..78b3529M},
  adsnote = {Provided by the SAO/NASA Astrophysics Data System}
}
@ARTICLE{Tingay:2013a,
   author = {{Tingay}, S.~J. and {Goeke}, R. and {Bowman}, J.~D. and {Emrich}, D. and 
	{Ord}, S.~M. and {Mitchell}, D.~A. and {Morales}, M.~F. and 
	{Booler}, T. and {Crosse}, B. and {Wayth}, R.~B. and {Lonsdale}, C.~J. and 
	{Tremblay}, S. and {Pallot}, D. and {Colegate}, T. and {Wicenec}, A. and 
	{Kudryavtseva}, N. and {Arcus}, W. and {Barnes}, D. and {Bernardi}, G. and 
	{Briggs}, F. and {Burns}, S. and {Bunton}, J.~D. and {Cappallo}, R.~J. and 
	{Corey}, B.~E. and {Deshpande}, A. and {Desouza}, L. and {Gaensler}, B.~M. and 
	{Greenhill}, L.~J. and {Hall}, P.~J. and {Hazelton}, B.~J. and 
	{Herne}, D. and {Hewitt}, J.~N. and {Johnston-Hollitt}, M. and 
	{Kaplan}, D.~L. and {Kasper}, J.~C. and {Kincaid}, B.~B. and 
	{Koenig}, R. and {Kratzenberg}, E. and {Lynch}, M.~J. and {Mckinley}, B. and 
	{Mcwhirter}, S.~R. and {Morgan}, E. and {Oberoi}, D. and {Pathikulangara}, J. and 
	{Prabu}, T. and {Remillard}, R.~A. and {Rogers}, A.~E.~E. and 
	{Roshi}, A. and {Salah}, J.~E. and {Sault}, R.~J. and {Udaya-Shankar}, N. and 
	{Schlagenhaufer}, F. and {Srivani}, K.~S. and {Stevens}, J. and 
	{Subrahmanyan}, R. and {Waterson}, M. and {Webster}, R.~L. and 
	{Whitney}, A.~R. and {Williams}, A. and {Williams}, C.~L. and 
	{Wyithe}, J.~S.~B.},
    title = "{The Murchison Widefield Array: The Square Kilometre Array Precursor at Low Radio Frequencies}",
  journal = {\pasa},
archivePrefix = "arXiv",
   eprint = {1206.6945},
 primaryClass = "astro-ph.IM",
 keywords = {instrumentation: interferometers, techniques: image processing, techniques: interferometric, radio continuum: general, radio lines: general, early Universe},
     year = 2013,
    month = jan,
   volume = 30,
      eid = {e007},
    pages = {7},
      doi = {10.1017/pasa.2012.007},
   adsurl = {http://adsabs.harvard.edu/abs/2013PASA...30....7T},
  adsnote = {Provided by the SAO/NASA Astrophysics Data System}
}


@ARTICLE{Mitchell:2008,
   author = {{Mitchell}, D.~A. and {Greenhill}, L.~J. and {Wayth}, R.~B. and 
	{Sault}, R.~J. and {Lonsdale}, C.~J. and {Cappallo}, R.~J. and 
	{Morales}, M.~F. and {Ord}, S.~M.},
    title = "{Real-Time Calibration of the Murchison Widefield Array}",
  journal = {IEEE Journal of Selected Topics in Signal Processing},
     year = 2008,
    month = nov,
   volume = 2,
    pages = {707-717},
      doi = {10.1109/JSTSP.2008.2005327},
   adsurl = {http://adsabs.harvard.edu/abs/2008ISTSP...2..707M},
  adsnote = {Provided by the SAO/NASA Astrophysics Data System}
}





@ARTICLE{Ord:2010,
   author = {{Ord}, S.~M. and {Mitchell}, D.~A. and {Wayth}, R.~B. and {Greenhill}, L.~J. and 
	{Bernardi}, G. and {Gleadow}, S. and {Edgar}, R.~G. and {Clark}, M.~A. and 
	{Allen}, G. and {Arcus}, W. and {Benkevitch}, L. and {Bowman}, J.~D. and 
	{Briggs}, F.~H. and {Bunton}, J.~D. and {Burns}, S. and {Cappallo}, R.~J. and 
	{Coles}, W.~A. and {Corey}, B.~E. and {Desouza}, L. and {Doeleman}, S.~S. and 
	{Derome}, M. and {Deshpande}, A. and {Emrich}, D. and {Goeke}, R. and 
	{Gopalakrishna}, M.~R. and {Herne}, D. and {Hewitt}, J.~N. and 
	{Kamini}, P.~A. and {Kaplan}, D.~L. and {Kasper}, J.~C. and 
	{Kincaid}, B.~B. and {Kocz}, J. and {Kowald}, E. and {Kratzenberg}, E. and 
	{Kumar}, D. and {Lonsdale}, C.~J. and {Lynch}, M.~J. and {McWhirter}, S.~R. and 
	{Madhavi}, S. and {Matejek}, M. and {Morales}, M.~F. and {Morgan}, E. and 
	{Oberoi}, D. and {Pathikulangara}, J. and {Prabu}, T. and {Rogers}, A.~E.~E. and 
	{Roshi}, A. and {Salah}, J.~E. and {Schinkel}, A. and {Udaya Shankar}, N. and 
	{Srivani}, K.~S. and {Stevens}, J. and {Tingay}, S.~J. and {Vaccarella}, A. and 
	{Waterson}, M. and {Webster}, R.~L. and {Whitney}, A.~R. and 
	{Williams}, A. and {Williams}, C.},
    title = "{Interferometric Imaging with the 32 Element Murchison Wide-Field Array}",
  journal = {\pasp},
archivePrefix = "arXiv",
   eprint = {1010.1733},
 primaryClass = "astro-ph.IM",
 keywords = {Astronomical Techniques},
     year = 2010,
    month = nov,
   volume = 122,
    pages = {1353-1366},
      doi = {10.1086/657160},
   adsurl = {http://adsabs.harvard.edu/abs/2010PASP..122.1353O},
  adsnote = {Provided by the SAO/NASA Astrophysics Data System}
}


@ARTICLE{Jelic:2010,
   author = {{Jeli{\'c}}, V. and {Zaroubi}, S. and {Labropoulos}, P. and 
	{Bernardi}, G. and {de Bruyn}, A.~G. and {Koopmans}, L.~V.~E.
	},
    title = "{Realistic simulations of the Galactic polarized foreground: consequences for 21-cm reionization detection experiments}",
  journal = {\mnras},
archivePrefix = "arXiv",
   eprint = {1007.4135},
 keywords = {polarization, radiation mechanisms: non-thermal, instrumentation: interferometers, cosmology: observations, radio continuum: general},
     year = 2010,
    month = dec,
   volume = 409,
    pages = {1647-1659},
      doi = {10.1111/j.1365-2966.2010.17407.x},
   adsurl = {http://adsabs.harvard.edu/abs/2010MNRAS.409.1647J},
  adsnote = {Provided by the SAO/NASA Astrophysics Data System}
}


@ARTICLE{Asad:2015,
   author = {{Asad}, K.~M.~B. and {Koopmans}, L.~V.~E. and {Jeli{\'c}}, V. and 
	{Pandey}, V.~N. and {Ghosh}, A. and {Abdalla}, F.~B. and {Bernardi}, G. and 
	{Brentjens}, M.~A. and {de Bruyn}, A.~G. and {Bus}, S. and {Ciardi}, B. and 
	{Chapman}, E. and {Daiboo}, S. and {Fernandez}, E.~R. and {Harker}, G. and 
	{Iliev}, I.~T. and {Jensen}, H. and {Martinez-Rubi}, O. and 
	{Mellema}, G. and {Mevius}, M. and {Offringa}, A.~R. and {Patil}, A.~H. and 
	{Schaye}, J. and {Thomas}, R.~M. and {van der Tol}, S. and {Vedantham}, H.~K. and 
	{Yatawatta}, S. and {Zaroubi}, S.},
    title = "{Polarization leakage in epoch of reionization windows - I. Low Frequency Array observations of the 3C196 field}",
  journal = {\mnras},
archivePrefix = "arXiv",
   eprint = {1503.01644},
 keywords = {polarization, instrumentation: polarimeters, intergalactic medium, cosmo-logy: observations, dark ages, reionization, first stars},
     year = 2015,
    month = aug,
   volume = 451,
    pages = {3709-3727},
      doi = {10.1093/mnras/stv1107},
   adsurl = {http://adsabs.harvard.edu/abs/2015MNRAS.451.3709A},
  adsnote = {Provided by the SAO/NASA Astrophysics Data System}
}


@ARTICLE{VanHaarlem:2013,
   author = {{van Haarlem}, M.~P. and {Wise}, M.~W. and {Gunst}, A.~W. and 
	{Heald}, G. and {McKean}, J.~P. and {Hessels}, J.~W.~T. and 
	{de Bruyn}, A.~G. and {Nijboer}, R. and {Swinbank}, J. and {Fallows}, R. and 
	{Brentjens}, M. and {Nelles}, A. and {Beck}, R. and {Falcke}, H. and 
	{Fender}, R. and {H{\"o}randel}, J. and {Koopmans}, L.~V.~E. and 
	{Mann}, G. and {Miley}, G. and {R{\"o}ttgering}, H. and {Stappers}, B.~W. and 
	{Wijers}, R.~A.~M.~J. and {Zaroubi}, S. and {van den Akker}, M. and 
	{Alexov}, A. and {Anderson}, J. and {Anderson}, K. and {van Ardenne}, A. and 
	{Arts}, M. and {Asgekar}, A. and {Avruch}, I.~M. and {Batejat}, F. and 
	{B{\"a}hren}, L. and {Bell}, M.~E. and {Bell}, M.~R. and {van Bemmel}, I. and 
	{Bennema}, P. and {Bentum}, M.~J. and {Bernardi}, G. and {Best}, P. and 
	{B{\^i}rzan}, L. and {Bonafede}, A. and {Boonstra}, A.-J. and 
	{Braun}, R. and {Bregman}, J. and {Breitling}, F. and {van de Brink}, R.~H. and 
	{Broderick}, J. and {Broekema}, P.~C. and {Brouw}, W.~N. and 
	{Br{\"u}ggen}, M. and {Butcher}, H.~R. and {van Cappellen}, W. and 
	{Ciardi}, B. and {Coenen}, T. and {Conway}, J. and {Coolen}, A. and 
	{Corstanje}, A. and {Damstra}, S. and {Davies}, O. and {Deller}, A.~T. and 
	{Dettmar}, R.-J. and {van Diepen}, G. and {Dijkstra}, K. and 
	{Donker}, P. and {Doorduin}, A. and {Dromer}, J. and {Drost}, M. and 
	{van Duin}, A. and {Eisl{\"o}ffel}, J. and {van Enst}, J. and 
	{Ferrari}, C. and {Frieswijk}, W. and {Gankema}, H. and {Garrett}, M.~A. and 
	{de Gasperin}, F. and {Gerbers}, M. and {de Geus}, E. and {Grie{\ss}meier}, J.-M. and 
	{Grit}, T. and {Gruppen}, P. and {Hamaker}, J.~P. and {Hassall}, T. and 
	{Hoeft}, M. and {Holties}, H.~A. and {Horneffer}, A. and {van der Horst}, A. and 
	{van Houwelingen}, A. and {Huijgen}, A. and {Iacobelli}, M. and 
	{Intema}, H. and {Jackson}, N. and {Jelic}, V. and {de Jong}, A. and 
	{Juette}, E. and {Kant}, D. and {Karastergiou}, A. and {Koers}, A. and 
	{Kollen}, H. and {Kondratiev}, V.~I. and {Kooistra}, E. and 
	{Koopman}, Y. and {Koster}, A. and {Kuniyoshi}, M. and {Kramer}, M. and 
	{Kuper}, G. and {Lambropoulos}, P. and {Law}, C. and {van Leeuwen}, J. and 
	{Lemaitre}, J. and {Loose}, M. and {Maat}, P. and {Macario}, G. and 
	{Markoff}, S. and {Masters}, J. and {McFadden}, R.~A. and {McKay-Bukowski}, D. and 
	{Meijering}, H. and {Meulman}, H. and {Mevius}, M. and {Middelberg}, E. and 
	{Millenaar}, R. and {Miller-Jones}, J.~C.~A. and {Mohan}, R.~N. and 
	{Mol}, J.~D. and {Morawietz}, J. and {Morganti}, R. and {Mulcahy}, D.~D. and 
	{Mulder}, E. and {Munk}, H. and {Nieuwenhuis}, L. and {van Nieuwpoort}, R. and 
	{Noordam}, J.~E. and {Norden}, M. and {Noutsos}, A. and {Offringa}, A.~R. and 
	{Olofsson}, H. and {Omar}, A. and {Orr{\'u}}, E. and {Overeem}, R. and 
	{Paas}, H. and {Pandey-Pommier}, M. and {Pandey}, V.~N. and 
	{Pizzo}, R. and {Polatidis}, A. and {Rafferty}, D. and {Rawlings}, S. and 
	{Reich}, W. and {de Reijer}, J.-P. and {Reitsma}, J. and {Renting}, G.~A. and 
	{Riemers}, P. and {Rol}, E. and {Romein}, J.~W. and {Roosjen}, J. and 
	{Ruiter}, M. and {Scaife}, A. and {van der Schaaf}, K. and {Scheers}, B. and 
	{Schellart}, P. and {Schoenmakers}, A. and {Schoonderbeek}, G. and 
	{Serylak}, M. and {Shulevski}, A. and {Sluman}, J. and {Smirnov}, O. and 
	{Sobey}, C. and {Spreeuw}, H. and {Steinmetz}, M. and {Sterks}, C.~G.~M. and 
	{Stiepel}, H.-J. and {Stuurwold}, K. and {Tagger}, M. and {Tang}, Y. and 
	{Tasse}, C. and {Thomas}, I. and {Thoudam}, S. and {Toribio}, M.~C. and 
	{van der Tol}, B. and {Usov}, O. and {van Veelen}, M. and {van der Veen}, A.-J. and 
	{ter Veen}, S. and {Verbiest}, J.~P.~W. and {Vermeulen}, R. and 
	{Vermaas}, N. and {Vocks}, C. and {Vogt}, C. and {de Vos}, M. and 
	{van der Wal}, E. and {van Weeren}, R. and {Weggemans}, H. and 
	{Weltevrede}, P. and {White}, S. and {Wijnholds}, S.~J. and 
	{Wilhelmsson}, T. and {Wucknitz}, O. and {Yatawatta}, S. and 
	{Zarka}, P. and {Zensus}, A. and {van Zwieten}, J.},
    title = "{LOFAR: The LOw-Frequency ARray}",
  journal = {\aap},
archivePrefix = "arXiv",
   eprint = {1305.3550},
 primaryClass = "astro-ph.IM",
 keywords = {instrumentation: interferometers, radio continuum: general, radio lines: general, dark ages, reionization, first stars, telescopes},
     year = 2013,
    month = aug,
   volume = 556,
      eid = {A2},
    pages = {A2},
      doi = {10.1051/0004-6361/201220873},
   adsurl = {http://adsabs.harvard.edu/abs/2013A%26A...556A...2V},
  adsnote = {Provided by the SAO/NASA Astrophysics Data System}
}

@ARTICLE{Parsons:2010,
   author = {{Parsons}, A.~R. and {Backer}, D.~C. and {Foster}, G.~S. and 
	{Wright}, M.~C.~H. and {Bradley}, R.~F. and {Gugliucci}, N.~E. and 
	{Parashare}, C.~R. and {Benoit}, E.~E. and {Aguirre}, J.~E. and 
	{Jacobs}, D.~C. and {Carilli}, C.~L. and {Herne}, D. and {Lynch}, M.~J. and 
	{Manley}, J.~R. and {Werthimer}, D.~J.},
    title = "{The Precision Array for Probing the Epoch of Re-ionization: Eight Station Results}",
  journal = {\aj},
archivePrefix = "arXiv",
   eprint = {0904.2334},
 primaryClass = "astro-ph.CO",
 keywords = {cosmology: observations, instrumentation: interferometers, radio continuum: general, techniques: interferometric, site testing, telescopes},
     year = 2010,
    month = apr,
   volume = 139,
    pages = {1468-1480},
      doi = {10.1088/0004-6256/139/4/1468},
   adsurl = {http://adsabs.harvard.edu/abs/2010AJ....139.1468P},
  adsnote = {Provided by the SAO/NASA Astrophysics Data System}
}
@ARTICLE{Furlanetto:2006Review,
   author = {{Furlanetto}, S.~R. and {Oh}, S.~P. and {Briggs}, F.~H.},
    title = "{Cosmology at low frequencies: The 21 cm transition and the high-redshift Universe}",
  journal = {\physrep},
   eprint = {astro-ph/0608032},
     year = 2006,
    month = oct,
   volume = 433,
    pages = {181-301},
      doi = {10.1016/j.physrep.2006.08.002},
   adsurl = {http://adsabs.harvard.edu/abs/2006PhR...433..181F},
  adsnote = {Provided by the SAO/NASA Astrophysics Data System}
}

@ARTICLE{Ali:2015,
   author = {{Ali}, Z.~S. and {Parsons}, A.~R. and {Zheng}, H. and {Pober}, J.~C. and 
	{Liu}, A. and {Aguirre}, J.~E. and {Bradley}, R.~F. and {Bernardi}, G. and 
	{Carilli}, C.~L. and {Cheng}, C. and {DeBoer}, D.~R. and {Dexter}, M.~R. and 
	{Grobbelaar}, J. and {Horrell}, J. and {Jacobs}, D.~C. and {Klima}, P. and 
	{MacMahon}, D.~H.~E. and {Maree}, M. and {Moore}, D.~F. and 
	{Razavi}, N. and {Stefan}, I.~I. and {Walbrugh}, W.~P. and {Walker}, A.
	},
    title = "{PAPER-64 Constraints on Reionization: The 21cm Power Spectrum at z=8.4}",
  journal = {ArXiv e-prints},
archivePrefix = "arXiv",
   eprint = {1502.06016},
 keywords = {Astrophysics - Cosmology and Nongalactic Astrophysics},
     year = 2015,
    month = feb,
   adsurl = {http://adsabs.harvard.edu/abs/2015arXiv150206016A},
  adsnote = {Provided by the SAO/NASA Astrophysics Data System}
}


@ARTICLE{Mesinger:2007,
   author = {{Mesinger}, A. and {Furlanetto}, S.},
    title = "{Efficient Simulations of Early Structure Formation and Reionization}",
  journal = {\apj},
archivePrefix = "arXiv",
   eprint = {0704.0946},
 keywords = {Cosmology: Theory, Cosmology: Early Universe, Galaxies: Evolution, Galaxies: Formation, Galaxies: High-Redshift},
     year = 2007,
    month = nov,
   volume = 669,
    pages = {663-675},
      doi = {10.1086/521806},
   adsurl = {http://adsabs.harvard.edu/abs/2007ApJ...669..663M},
  adsnote = {Provided by the SAO/NASA Astrophysics Data System}
}


@ARTICLE{Pober:2015,
   author = {{Pober}, J.~C. and {Ali}, Z.~S. and {Parsons}, A.~R. and {McQuinn}, M. and 
	{Aguirre}, J.~E. and {Bernardi}, G. and {Bradley}, R.~F. and 
	{Carilli}, C.~L. and {Cheng}, C. and {DeBoer}, D.~R. and {Dexter}, M.~R. and 
	{Furlanetto}, S.~R. and {Grobbelaar}, J. and {Horrell}, J. and 
	{Jacobs}, D.~C. and {Klima}, P.~J. and {Kohn}, S.~A. and {Liu}, A. and 
	{MacMahon}, D.~H.~E. and {Maree}, M. and {Mesinger}, A. and 
	{Moore}, D.~F. and {Razavi-Ghods}, N. and {Stefan}, I.~I. and 
	{Walbrugh}, W.~P. and {Walker}, A. and {Zheng}, H.},
    title = "{PAPER-64 Constraints On Reionization II: The Temperature Of The z=8.4 Intergalactic Medium}",
  journal = {ArXiv e-prints},
archivePrefix = "arXiv",
   eprint = {1503.00045},
 keywords = {Astrophysics - Cosmology and Nongalactic Astrophysics},
     year = 2015,
    month = feb,
   adsurl = {http://adsabs.harvard.edu/abs/2015arXiv150300045P},
  adsnote = {Provided by the SAO/NASA Astrophysics Data System}
}
@ARTICLE{Mesinger:2013,
   author = {{Mesinger}, A. and {Ferrara}, A. and {Spiegel}, D.~S.},
    title = "{Signatures of X-rays in the early Universe}",
  journal = {\mnras},
archivePrefix = "arXiv",
   eprint = {1210.7319},
 primaryClass = "astro-ph.CO",
 keywords = {intergalactic medium, cosmology: theory, early Universe, dark ages, reionization, first stars, X-rays: galaxies},
     year = 2013,
    month = may,
   volume = 431,
    pages = {621-637},
      doi = {10.1093/mnras/stt198},
   adsurl = {http://adsabs.harvard.edu/abs/2013MNRAS.431..621M},
  adsnote = {Provided by the SAO/NASA Astrophysics Data System}
}
@ARTICLE{Barkana:2005b,
   author = {{Barkana}, R. and {Loeb}, A.},
    title = "{Detecting the Earliest Galaxies through Two New Sources of 21 Centimeter Fluctuations}",
  journal = {\apj},
   eprint = {astro-ph/0410129},
 keywords = {Cosmology: Theory, Galaxies: Formation, Galaxies: High-Redshift},
     year = 2005,
    month = jun,
   volume = 626,
    pages = {1-11},
      doi = {10.1086/429954},
   adsurl = {http://adsabs.harvard.edu/abs/2005ApJ...626....1B},
  adsnote = {Provided by the SAO/NASA Astrophysics Data System}
}

@ARTICLE{Pritchard:2006,
   author = {{Pritchard}, J.~R. and {Furlanetto}, S.~R.},
    title = "{Descending from on high: Lyman-series cascades and spin-kinetic temperature coupling in the 21-cm line}",
  journal = {\mnras},
   eprint = {astro-ph/0508381},
 keywords = {atomic processes, galaxies: high-redshift, cosmology: theory},
     year = 2006,
    month = apr,
   volume = 367,
    pages = {1057-1066},
      doi = {10.1111/j.1365-2966.2006.10028.x},
   adsurl = {http://adsabs.harvard.edu/abs/2006MNRAS.367.1057P},
  adsnote = {Provided by the SAO/NASA Astrophysics Data System}
}
@ARTICLE{Christian:2013,
   author = {{Christian}, P. and {Loeb}, A.},
    title = "{Measuring the X-ray background in the reionization era with first generation 21 cm experiments}",
  journal = {\jcap},
archivePrefix = "arXiv",
   eprint = {1305.5541},
 primaryClass = "astro-ph.CO",
     year = 2013,
    month = sep,
   volume = 9,
      eid = {014},
    pages = {14},
      doi = {10.1088/1475-7516/2013/09/014},
   adsurl = {http://adsabs.harvard.edu/abs/2013JCAP...09..014C},
  adsnote = {Provided by the SAO/NASA Astrophysics Data System}
}
@ARTICLE{Fialkov:2014,
   author = {{Fialkov}, A. and {Barkana}, R. and {Visbal}, E.},
    title = "{The observable signature of late heating of the Universe during cosmic reionization}",
  journal = {\nat},
archivePrefix = "arXiv",
   eprint = {1402.0940},
 primaryClass = "astro-ph.CO",
     year = 2014,
    month = feb,
   volume = 506,
    pages = {197-199},
      doi = {10.1038/nature12999},
   adsurl = {http://adsabs.harvard.edu/abs/2014Natur.506..197F},
  adsnote = {Provided by the SAO/NASA Astrophysics Data System}
}
@ARTICLE{Datta:2014,
   author = {{Datta}, A. and {Bradley}, R. and {Burns}, J.~O. and {Harker}, G. and 
	{Komjathy}, A. and {Lazio}, T.~J.~W.},
    title = "{Effects Of The Ionosphere On Ground-Based Detection Of The Global 21 CM Signal From The Cosmic Dawn And The Dark Ages}",
  journal = {ArXiv e-prints},
archivePrefix = "arXiv",
   eprint = {1409.0513},
 keywords = {Astrophysics - Cosmology and Nongalactic Astrophysics, Astrophysics - Instrumentation and Methods for Astrophysics},
     year = 2014,
    month = sep,
   adsurl = {http://adsabs.harvard.edu/abs/2014arXiv1409.0513D},
  adsnote = {Provided by the SAO/NASA Astrophysics Data System}
}

@ARTICLE{Morales:2012,
   author = {{Morales}, M.~F. and {Hazelton}, B. and {Sullivan}, I. and {Beardsley}, A.
	},
    title = "{Four Fundamental Foreground Power Spectrum Shapes for 21 cm Cosmology Observations}",
  journal = {\apj},
archivePrefix = "arXiv",
   eprint = {1202.3830},
 primaryClass = "astro-ph.IM",
 keywords = {cosmology: observations, methods: data analysis, techniques: interferometric},
     year = 2012,
    month = jun,
   volume = 752,
      eid = {137},
    pages = {137},
      doi = {10.1088/0004-637X/752/2/137},
   adsurl = {http://adsabs.harvard.edu/abs/2012ApJ...752..137M},
  adsnote = {Provided by the SAO/NASA Astrophysics Data System}
}


@ARTICLE{Hales:1988,
   author = {{Hales}, S.~E.~G. and {Baldwin}, J.~E. and {Warner}, P.~J.},
    title = "{The 6C survey of radio sources. II - The zone delta = 30-51 deg, alpha = 08h30m-17h30m}",
  journal = {\mnras},
 keywords = {Astronomical Maps, Radio Sources (Astronomy), Sky Surveys (Astronomy), Angular Resolution, Calibrating, Cygnus Constellation, Synthetic Apertures},
     year = 1988,
    month = oct,
   volume = 234,
    pages = {919-936},
      doi = {10.1093/mnras/234.4.919},
   adsurl = {http://adsabs.harvard.edu/abs/1988MNRAS.234..919H},
  adsnote = {Provided by the SAO/NASA Astrophysics Data System}
}


@ARTICLE{DiMatteo:2002,
   author = {{Di Matteo}, T. and {Perna}, R. and {Abel}, T. and {Rees}, M.~J.
	},
    title = "{Radio Foregrounds for the 21 Centimeter Tomography of the Neutral Intergalactic Medium at High Redshifts}",
  journal = {\apj},
   eprint = {astro-ph/0109241},
 keywords = {Cosmology: Early Universe, Galaxies: General},
     year = 2002,
    month = jan,
   volume = 564,
    pages = {576-580},
      doi = {10.1086/324293},
   adsurl = {http://adsabs.harvard.edu/abs/2002ApJ...564..576D},
  adsnote = {Provided by the SAO/NASA Astrophysics Data System}
}

@ARTICLE{Vedantham:2015b,
   author = {{Vedantham}, H.~K. and {Koopmans}, L.~V.~E.},
    title = "{Scintillation noise power spectrum and its impact on high redshift 21-cm observations}",
  journal = {ArXiv e-prints},
archivePrefix = "arXiv",
   eprint = {1512.00159},
 primaryClass = "astro-ph.IM",
 keywords = {Astrophysics - Instrumentation and Methods for Astrophysics, Astrophysics - Cosmology and Nongalactic Astrophysics},
     year = 2015,
    month = dec,
   adsurl = {http://adsabs.harvard.edu/abs/2015arXiv151200159V},
  adsnote = {Provided by the SAO/NASA Astrophysics Data System}
}

@ARTICLE{Vedantham:2012,
   author = {{Vedantham}, H. and {Udaya Shankar}, N. and {Subrahmanyan}, R.
	},
    title = "{Imaging the Epoch of Reionization: Limitations from Foreground Confusion and Imaging Algorithms}",
  journal = {\apj},
archivePrefix = "arXiv",
   eprint = {1106.1297},
 primaryClass = "astro-ph.IM",
 keywords = {cosmology: observations, methods: analytical, methods: data analysis, techniques: interferometric},
     year = 2012,
    month = feb,
   volume = 745,
      eid = {176},
    pages = {176},
      doi = {10.1088/0004-637X/745/2/176},
   adsurl = {http://adsabs.harvard.edu/abs/2012ApJ...745..176V},
  adsnote = {Provided by the SAO/NASA Astrophysics Data System}
}
@ARTICLE{Parsons:2012a,
   author = {{Parsons}, A.~R. and {Pober}, J.~C. and {Aguirre}, J.~E. and 
	{Carilli}, C.~L. and {Jacobs}, D.~C. and {Moore}, D.~F.},
    title = "{A Per-baseline, Delay-spectrum Technique for Accessing the 21 cm Cosmic Reionization Signature}",
  journal = {\apj},
archivePrefix = "arXiv",
   eprint = {1204.4749},
 primaryClass = "astro-ph.IM",
 keywords = {cosmology: observations, instrumentation: interferometers, radio continuum: general, site testing, techniques: interferometric, telescopes},
     year = 2012,
    month = sep,
   volume = 756,
      eid = {165},
    pages = {165},
      doi = {10.1088/0004-637X/756/2/165},
   adsurl = {http://adsabs.harvard.edu/abs/2012ApJ...756..165P},
  adsnote = {Provided by the SAO/NASA Astrophysics Data System}
}

@ARTICLE{Parsons:2012b,
   author = {{Parsons}, A. and {Pober}, J. and {McQuinn}, M. and {Jacobs}, D. and 
	{Aguirre}, J.},
    title = "{A Sensitivity and Array-configuration Study for Measuring the Power Spectrum of 21 cm Emission from Reionization}",
  journal = {\apj},
archivePrefix = "arXiv",
   eprint = {1103.2135},
 primaryClass = "astro-ph.IM",
 keywords = {cosmology: observations, instrumentation: interferometers, methods: observational, techniques: interferometric, telescopes},
     year = 2012,
    month = jul,
   volume = 753,
      eid = {81},
    pages = {81},
      doi = {10.1088/0004-637X/753/1/81},
   adsurl = {http://adsabs.harvard.edu/abs/2012ApJ...753...81P},
  adsnote = {Provided by the SAO/NASA Astrophysics Data System}
}



@ARTICLE{Datta:2010,
   author = {{Datta}, A. and {Bowman}, J.~D. and {Carilli}, C.~L.},
    title = "{Bright Source Subtraction Requirements for Redshifted 21 cm Measurements}",
  journal = {\apj},
archivePrefix = "arXiv",
   eprint = {1005.4071},
 primaryClass = "astro-ph.CO",
 keywords = {early universe, intergalactic medium, methods: data analysis, radio lines: general, techniques: interferometric},
     year = 2010,
    month = nov,
   volume = 724,
    pages = {526-538},
      doi = {10.1088/0004-637X/724/1/526},
   adsurl = {http://adsabs.harvard.edu/abs/2010ApJ...724..526D},
  adsnote = {Provided by the SAO/NASA Astrophysics Data System}
}


@ARTICLE{Furlanetto:2006Global,
   author = {{Furlanetto}, S.~R.},
    title = "{The global 21-centimeter background from high redshifts}",
  journal = {\mnras},
   eprint = {astro-ph/0604040},
 keywords = {intergalactic medium: cosmology: theory: diffuse radiation, intergalactic medium, cosmology: theory, diffuse radiation},
     year = 2006,
    month = sep,
   volume = 371,
    pages = {867-878},
      doi = {10.1111/j.1365-2966.2006.10725.x},
   adsurl = {http://adsabs.harvard.edu/abs/2006MNRAS.371..867F},
  adsnote = {Provided by the SAO/NASA Astrophysics Data System}
}




@ARTICLE{Furlanetto:2006Forest,
   author = {{Furlanetto}, S.~R.},
    title = "{The 21-cm forest}",
  journal = {\mnras},
   eprint = {astro-ph/0604223},
 keywords = {intergalactic medium: cosmology: theory: radio lines: ISM, intergalactic medium, cosmology: theory, radio lines: ISM},
     year = 2006,
    month = aug,
   volume = 370,
    pages = {1867-1875},
      doi = {10.1111/j.1365-2966.2006.10603.x},
   adsurl = {http://adsabs.harvard.edu/abs/2006MNRAS.370.1867F},
  adsnote = {Provided by the SAO/NASA Astrophysics Data System}
}
@ARTICLE{Mack:2012,
   author = {{Mack}, K.~J. and {Wyithe}, J.~S.~B.},
    title = "{Detecting the redshifted 21 cm forest during reionization}",
  journal = {\mnras},
archivePrefix = "arXiv",
   eprint = {1101.5431},
 keywords = {galaxies: high-redshift, intergalactic medium, quasars: absorption lines, cosmology: theory, large-scale structure of Universe},
     year = 2012,
    month = oct,
   volume = 425,
    pages = {2988-3001},
      doi = {10.1111/j.1365-2966.2012.21561.x},
   adsurl = {http://adsabs.harvard.edu/abs/2012MNRAS.425.2988M},
  adsnote = {Provided by the SAO/NASA Astrophysics Data System}
}
@ARTICLE{Loeb:2002,
   author = {{Furlanetto}, S.~R. and {Loeb}, A.},
    title = "{The 21 Centimeter Forest: Radio Absorption Spectra as Probes of Minihalos before Reionization}",
  journal = {\apj},
   eprint = {astro-ph/0206308},
 keywords = {Cosmology: Theory, Galaxies: Active, Galaxies: Intergalactic Medium, Cosmology: Large-Scale Structure of Universe, Radio Lines: General},
     year = 2002,
    month = nov,
   volume = 579,
    pages = {1-9},
      doi = {10.1086/342757},
   adsurl = {http://adsabs.harvard.edu/abs/2002ApJ...579....1F},
  adsnote = {Provided by the SAO/NASA Astrophysics Data System}
}
@ARTICLE{Cohen:2009,
   author = {{Cohen}, A.~S. and {R{\"o}ttgering}, H.~J.~A.},
    title = "{Probing Fine-Scale Ionospheric Structure with the Very Large Array Radio Telescope}",
  journal = {\aj},
archivePrefix = "arXiv",
   eprint = {0905.4501},
 primaryClass = "astro-ph.IM",
 keywords = {atmospheric effects, techniques: interferometric},
     year = 2009,
    month = aug,
   volume = 138,
    pages = {439-447},
      doi = {10.1088/0004-6256/138/2/439},
   adsurl = {http://adsabs.harvard.edu/abs/2009AJ....138..439C},
  adsnote = {Provided by the SAO/NASA Astrophysics Data System}
}
@ARTICLE{Jacobes:2015,
   author = {{Jacobs}, D.~C. and {Pober}, J.~C. and {Parsons}, A.~R. and 
	{Aguirre}, J.~E. and {Ali}, Z.~S. and {Bowman}, J. and {Bradley}, R.~F. and 
	{Carilli}, C.~L. and {DeBoer}, D.~R. and {Dexter}, M.~R. and 
	{Gugliucci}, N.~E. and {Klima}, P. and {Liu}, A. and {MacMahon}, D.~H.~E. and 
	{Manley}, J.~R. and {Moore}, D.~F. and {Stefan}, I.~I. and {Walbrugh}, W.~P.
	},
    title = "{Multiredshift Limits on the 21 cm Power Spectrum from PAPER}",
  journal = {\apj},
archivePrefix = "arXiv",
   eprint = {1408.3389},
 keywords = {dark ages, reionization, first stars, techniques: interferometric},
     year = 2015,
    month = mar,
   volume = 801,
      eid = {51},
    pages = {51},
      doi = {10.1088/0004-637X/801/1/51},
   adsurl = {http://adsabs.harvard.edu/abs/2015ApJ...801...51J},
  adsnote = {Provided by the SAO/NASA Astrophysics Data System}
}

@ARTICLE{Zheng:2013,
   author = {{Zheng}, H. and {Tegmark}, M. and {Buza}, V. and {Dillon}, J.~S. and 
	{Gharibyan}, H. and {Hickish}, J. and {Kunz}, E. and {Liu}, A. and 
	{Losh}, J. and {Lutomirski}, A. and {Morrison}, S. and {Narayanan}, S. and 
	{Perko}, A. and {Rosner}, D. and {Sanchez}, N. and {Schutz}, K. and 
	{Tribiano}, S.~M. and {Zaldarriaga}, M. and {Zarb Adami}, K. and 
	{Zelko}, I. and {Zheng}, K. and {Armstrong}, R. and {Bradley}, R.~F. and 
	{Dexter}, M.~R. and {Ewall-Wice}, A. and {Magro}, A. and {Matejek}, M. and 
	{Morgan}, E. and {Neben}, A.~R. and {Pan}, Q. and {Peterson}, C.~M. and 
	{Su}, M. and {Villasenor}, J. and {Williams}, C.~L. and {Yang}, H.-I and 
	{Zhu}, Y.},
    title = "{Mapping our Universe in 3D with MITEoR}",
  journal = {ArXiv e-prints},
archivePrefix = "arXiv",
   eprint = {1309.2639},
 primaryClass = "astro-ph.IM",
 keywords = {Astrophysics - Instrumentation and Methods for Astrophysics, Astrophysics - Cosmology and Extragalactic Astrophysics},
     year = 2013,
    month = sep,
   adsurl = {http://adsabs.harvard.edu/abs/2013arXiv1309.2639Z},
  adsnote = {Provided by the SAO/NASA Astrophysics Data System}
}

@ARTICLE{Zheng:2016a,
   author = {{Zheng}, H. and {Tegmark}, M. and {Dillon}, J. and {Liu}, A. and 
	{Neben}, A.~R. and {Tribiano}, S. and {Bradley}, R. and {Buza}, V. and 
	{Ewall-Wice}, A. and {Gharibyan}, H. and {Hickish}, J. and {Kunz}, E. and 
	{Losh}, J. and {Lutomirski}, A. and {Morgan}, E. and {Morrison}, S. and 
	{Narayanan}, S. and {Perko}, A. and {Rosner}, D. and {Sanchez}, N. and 
	{Schutz}, K. and {Valdez}, M. and {Villasenor}, J. and {Yang}, H. and 
	{Zarb-Adami}, K. and {Zelko}, I. and {Zheng}, K.},
    title = "{Brute-Force Mapmaking with Compact Interferometers: A MITEoR Northern Sky Map from 128 MHz to 175 MHz}",
  journal = {ArXiv e-prints},
archivePrefix = "arXiv",
   eprint = {1605.03980},
 primaryClass = "astro-ph.IM",
 keywords = {Astrophysics - Instrumentation and Methods for Astrophysics, Astrophysics - Cosmology and Nongalactic Astrophysics, Astrophysics - Astrophysics of Galaxies},
     year = 2016,
    month = may,
   adsurl = {http://adsabs.harvard.edu/abs/2016arXiv160503980Z},
  adsnote = {Provided by the SAO/NASA Astrophysics Data System}
}


@ARTICLE{Zheng:2016b,
   author = {{Zheng}, H. and {Tegmark}, M. and {Dillon}, J.~S. and {Kim}, D.~A. and 
	{Liu}, A. and {Neben}, A. and {Jonas}, J. and {Reich}, P. and 
	{Reich}, W.},
    title = "{An Improved Model of Diffuse Galactic Radio Emission from 10 MHz to 5 THz}",
  journal = {ArXiv e-prints},
archivePrefix = "arXiv",
   eprint = {1605.04920},
 keywords = {Astrophysics - Cosmology and Nongalactic Astrophysics, Astrophysics - Astrophysics of Galaxies, Astrophysics - Instrumentation and Methods for Astrophysics},
     year = 2016,
    month = may,
   adsurl = {http://adsabs.harvard.edu/abs/2016arXiv160504920Z},
  adsnote = {Provided by the SAO/NASA Astrophysics Data System}
}




@ARTICLE{Zheng:2014,
   author = {{Zheng}, H. and {Tegmark}, M. and {Buza}, V. and {Dillon}, J.~S. and 
	{Gharibyan}, H. and {Hickish}, J. and {Kunz}, E. and {Liu}, A. and 
	{Losh}, J. and {Lutomirski}, A. and {Morrison}, S. and {Narayanan}, S. and 
	{Perko}, A. and {Rosner}, D. and {Sanchez}, N. and {Schutz}, K. and 
	{Tribiano}, S.~M. and {Valdez}, M. and {Yang}, H. and {Adami}, K.~Z. and 
	{Zelko}, I. and {Zheng}, K. and {Armstrong}, R.~P. and {Bradley}, R.~F. and 
	{Dexter}, M.~R. and {Ewall-Wice}, A. and {Magro}, A. and {Matejek}, M. and 
	{Morgan}, E. and {Neben}, A.~R. and {Pan}, Q. and {Penna}, R.~F. and 
	{Peterson}, C.~M. and {Su}, M. and {Villasenor}, J. and {Williams}, C.~L. and 
	{Zhu}, Y.},
    title = "{MITEoR: a scalable interferometer for precision 21 cm cosmology}",
  journal = {\mnras},
archivePrefix = "arXiv",
   eprint = {1405.5527},
 primaryClass = "astro-ph.IM",
 keywords = {instrumentation: interferometers, methods: data analysis, techniques: interferometric, cosmology: observations, dark ages, reionization, first stars},
     year = 2014,
    month = dec,
   volume = 445,
    pages = {1084-1103},
      doi = {10.1093/mnras/stu1773},
   adsurl = {http://adsabs.harvard.edu/abs/2014MNRAS.445.1084Z},
  adsnote = {Provided by the SAO/NASA Astrophysics Data System}
}
@ARTICLE{Liu:2010,
   author = {{Liu}, A. and {Tegmark}, M. and {Morrison}, S. and {Lutomirski}, A. and 
	{Zaldarriaga}, M.},
    title = "{Precision calibration of radio interferometers using redundant baselines}",
  journal = {\mnras},
archivePrefix = "arXiv",
   eprint = {1001.5268},
 primaryClass = "astro-ph.IM",
 keywords = {instrumentation: interferometers, methods: data analysis, cosmology: observations, radio continuum: general},
     year = 2010,
    month = oct,
   volume = 408,
    pages = {1029-1050},
      doi = {10.1111/j.1365-2966.2010.17174.x},
   adsurl = {http://adsabs.harvard.edu/abs/2010MNRAS.408.1029L},
  adsnote = {Provided by the SAO/NASA Astrophysics Data System}
}
@ARTICLE{Wieringa:1992,
   author = {{Wieringa}, M.~H.},
    title = "{An investigation of the telescope based calibration methods 'redundancy' and 'self-cal'}",
  journal = {Experimental Astronomy},
 keywords = {Calibrating, Instrument Compensation, Instrument Errors, Interferometry, Radio Telescopes, Redundancy, Astronomical Maps, Correction, Signal To Noise Ratios},
     year = 1992,
   volume = 2,
    pages = {203-225},
      doi = {10.1007/BF00420576},
   adsurl = {http://adsabs.harvard.edu/abs/1992ExA.....2..203W},
  adsnote = {Provided by the SAO/NASA Astrophysics Data System}
}
@ARTICLE{Ciardi:2013,
   author = {{Ciardi}, B. and {Labropoulos}, P. and {Maselli}, A. and {Thomas}, R. and 
	{Zaroubi}, S. and {Graziani}, L. and {Bolton}, J.~S. and {Bernardi}, G. and 
	{Brentjens}, M. and {de Bruyn}, A.~G. and {Daiboo}, S. and {Harker}, G.~J.~A. and 
	{Jelic}, V. and {Kazemi}, S. and {Koopmans}, L.~V.~E. and {Martinez}, O. and 
	{Mellema}, G. and {Offringa}, A.~R. and {Pandey}, V.~N. and 
	{Schaye}, J. and {Veligatla}, V. and {Vedantham}, H. and {Yatawatta}, S.
	},
    title = "{Prospects for detecting the 21 cm forest from the diffuse intergalactic medium with LOFAR}",
  journal = {\mnras},
archivePrefix = "arXiv",
   eprint = {1209.2615},
 primaryClass = "astro-ph.CO",
 keywords = {intergalactic medium, dark ages, reionization, first stars, radio astronomy, radio continuum: general, radio lines: general},
     year = 2013,
    month = jan,
   volume = 428,
    pages = {1755-1765},
      doi = {10.1093/mnras/sts156},
   adsurl = {http://adsabs.harvard.edu/abs/2013MNRAS.428.1755C},
  adsnote = {Provided by the SAO/NASA Astrophysics Data System}
}
@ARTICLE{Offringa:2015,
   author = {{Offringa}, A.~R. and {Wayth}, R.~B. and {Hurley-Walker}, N. and 
	{Kaplan}, D.~L. and {Barry}, N. and {Beardsley}, A.~P. and {Bell}, M.~E. and 
	{Bernardi}, G. and {Bowman}, J.~D. and {Briggs}, F. and {Callingham}, J.~R. and 
	{Cappallo}, R.~J. and {Carroll}, P. and {Deshpande}, A.~A. and 
	{Dillon}, J.~S. and {Dwarakanath}, K.~S. and {Ewall-Wice}, A. and 
	{Feng}, L. and {For}, B.-Q. and {Gaensler}, B.~M. and {Greenhill}, L.~J. and 
	{Hancock}, P. and {Hazelton}, B.~J. and {Hewitt}, J.~N. and 
	{Hindson}, L. and {Jacobs}, D.~C. and {Johnston-Hollitt}, M. and 
	{Kapi{\'n}ska}, A.~D. and {Kim}, H.-S. and {Kittiwisit}, P. and 
	{Lenc}, E. and {Line}, J. and {Loeb}, A. and {Lonsdale}, C.~J. and 
	{McKinley}, B. and {McWhirter}, S.~R. and {Mitchell}, D.~A. and 
	{Morales}, M.~F. and {Morgan}, E. and {Morgan}, J. and {Neben}, A.~R. and 
	{Oberoi}, D. and {Ord}, S.~M. and {Paul}, S. and {Pindor}, B. and 
	{Pober}, J.~C. and {Prabu}, T. and {Procopio}, P. and {Riding}, J. and 
	{Udaya Shankar}, N. and {Sethi}, S. and {Srivani}, K.~S. and 
	{Staveley-Smith}, L. and {Subrahmanyan}, R. and {Sullivan}, I.~S. and 
	{Tegmark}, M. and {Thyagarajan}, N. and {Tingay}, S.~J. and 
	{Trott}, C.~M. and {Webster}, R.~L. and {Williams}, A. and {Williams}, C.~L. and 
	{Wu}, C. and {Wyithe}, J.~S. and {Zheng}, Q.},
    title = "{The Low-Frequency Environment of the Murchison Widefield Array: Radio-Frequency Interference Analysis and Mitigation}",
  journal = {\pasa},
archivePrefix = "arXiv",
   eprint = {1501.03946},
 primaryClass = "astro-ph.IM",
 keywords = {instrumentation: interferometers, methods: observational, radio continuum: general, techniques: interferometric},
     year = 2015,
    month = mar,
   volume = 32,
      eid = {e008},
    pages = {8},
      doi = {10.1017/pasa.2015.7},
   adsurl = {http://adsabs.harvard.edu/abs/2015PASA...32....8O},
  adsnote = {Provided by the SAO/NASA Astrophysics Data System}
}

@ARTICLE{Bernardi:2013,
   author = {{Bernardi}, G. and {Greenhill}, L.~J. and {Mitchell}, D.~A. and 
	{Ord}, S.~M. and {Hazelton}, B.~J. and {Gaensler}, B.~M. and 
	{de Oliveira-Costa}, A. and {Morales}, M.~F. and {Udaya Shankar}, N. and 
	{Subrahmanyan}, R. and {Wayth}, R.~B. and {Lenc}, E. and {Williams}, C.~L. and 
	{Arcus}, W. and {Arora}, B.~S. and {Barnes}, D.~G. and {Bowman}, J.~D. and 
	{Briggs}, F.~H. and {Bunton}, J.~D. and {Cappallo}, R.~J. and 
	{Corey}, B.~E. and {Deshpande}, A. and {deSouza}, L. and {Emrich}, D. and 
	{Goeke}, R. and {Herne}, D. and {Hewitt}, J.~N. and {Johnston-Hollitt}, M. and 
	{Kaplan}, D. and {Kasper}, J.~C. and {Kincaid}, B.~B. and {Koenig}, R. and 
	{Kratzenberg}, E. and {Lonsdale}, C.~J. and {Lynch}, M.~J. and 
	{McWhirter}, S.~R. and {Morgan}, E. and {Oberoi}, D. and {Pathikulangara}, J. and 
	{Prabu}, T. and {Remillard}, R.~A. and {Rogers}, A.~E.~E. and 
	{Roshi}, A. and {Salah}, J.~E. and {Sault}, R.~J. and {Srivani}, K.~S. and 
	{Stevens}, J. and {Tingay}, S.~J. and {Waterson}, M. and {Webster}, R.~L. and 
	{Whitney}, A.~R. and {Williams}, A. and {Wyithe}, J.~S.~B.},
    title = "{A 189 MHz, 2400 deg$^{2}$ Polarization Survey with the Murchison Widefield Array 32-element Prototype}",
  journal = {\apj},
archivePrefix = "arXiv",
   eprint = {1305.6047},
 primaryClass = "astro-ph.CO",
 keywords = {diffuse radiation, ISM: magnetic fields, polarization, radio continuum: general, surveys, techniques: interferometric},
     year = 2013,
    month = jul,
   volume = 771,
      eid = {105},
    pages = {105},
      doi = {10.1088/0004-637X/771/2/105},
   adsurl = {http://adsabs.harvard.edu/abs/2013ApJ...771..105B},
  adsnote = {Provided by the SAO/NASA Astrophysics Data System}
}

@INPROCEEDINGS{McMullin:2007,
   author = {{McMullin}, J.~P. and {Waters}, B. and {Schiebel}, D. and {Young}, W. and 
	{Golap}, K.},
    title = "{CASA Architecture and Applications}",
booktitle = {Astronomical Data Analysis Software and Systems XVI},
     year = 2007,
   series = {Astronomical Society of the Pacific Conference Series},
   volume = 376,
   editor = {{Shaw}, R.~A. and {Hill}, F. and {Bell}, D.~J.},
    month = oct,
    pages = {127},
   adsurl = {http://adsabs.harvard.edu/abs/2007ASPC..376..127M},
  adsnote = {Provided by the SAO/NASA Astrophysics Data System}
}
@ARTICLE{Offringa:2014,
   author = {{Offringa}, A.~R. and {McKinley}, B. and {Hurley-Walker}, N. and 
	{Briggs}, F.~H. and {Wayth}, R.~B. and {Kaplan}, D.~L. and {Bell}, M.~E. and 
	{Feng}, L. and {Neben}, A.~R. and {Hughes}, J.~D. and {Rhee}, J. and 
	{Murphy}, T. and {Bhat}, N.~D.~R. and {Bernardi}, G. and {Bowman}, J.~D. and 
	{Cappallo}, R.~J. and {Corey}, B.~E. and {Deshpande}, A.~A. and 
	{Emrich}, D. and {Ewall-Wice}, A. and {Gaensler}, B.~M. and 
	{Goeke}, R. and {Greenhill}, L.~J. and {Hazelton}, B.~J. and 
	{Hindson}, L. and {Johnston-Hollitt}, M. and {Jacobs}, D.~C. and 
	{Kasper}, J.~C. and {Kratzenberg}, E. and {Lenc}, E. and {Lonsdale}, C.~J. and 
	{Lynch}, M.~J. and {McWhirter}, S.~R. and {Mitchell}, D.~A. and 
	{Morales}, M.~F. and {Morgan}, E. and {Kudryavtseva}, N. and 
	{Oberoi}, D. and {Ord}, S.~M. and {Pindor}, B. and {Procopio}, P. and 
	{Prabu}, T. and {Riding}, J. and {Roshi}, D.~A. and {Shankar}, N.~U. and 
	{Srivani}, K.~S. and {Subrahmanyan}, R. and {Tingay}, S.~J. and 
	{Waterson}, M. and {Webster}, R.~L. and {Whitney}, A.~R. and 
	{Williams}, A. and {Williams}, C.~L.},
    title = "{WSCLEAN: an implementation of a fast, generic wide-field imager for radio astronomy}",
  journal = {\mnras},
archivePrefix = "arXiv",
   eprint = {1407.1943},
 primaryClass = "astro-ph.IM",
 keywords = {instrumentation: interferometers, methods: observational, techniques: interferometric, radio continuum: general},
     year = 2014,
    month = oct,
   volume = 444,
    pages = {606-619},
      doi = {10.1093/mnras/stu1368},
   adsurl = {http://adsabs.harvard.edu/abs/2014MNRAS.444..606O},
  adsnote = {Provided by the SAO/NASA Astrophysics Data System}
}


@ARTICLE{Offringa:2012,
   author = {{Offringa}, A.~R. and {van de Gronde}, J.~J. and {Roerdink}, J.~B.~T.~M.
	},
    title = "{A morphological algorithm for improving radio-frequency interference detection}",
  journal = {\aap},
archivePrefix = "arXiv",
   eprint = {1201.3364},
 primaryClass = "astro-ph.IM",
 keywords = {instrumentation: interferometers, methods: data analysis, techniques: interferometric},
     year = 2012,
    month = mar,
   volume = 539,
      eid = {A95},
    pages = {A95},
      doi = {10.1051/0004-6361/201118497},
   adsurl = {http://adsabs.harvard.edu/abs/2012A%26A...539A..95O},
  adsnote = {Provided by the SAO/NASA Astrophysics Data System}
}

@ARTICLE{Jacobs:2015,
   author = {{Jacobs}, D.~C. and {Pober}, J.~C. and {Parsons}, A.~R. and 
	{Aguirre}, J.~E. and {Ali}, Z.~S. and {Bowman}, J. and {Bradley}, R.~F. and 
	{Carilli}, C.~L. and {DeBoer}, D.~R. and {Dexter}, M.~R. and 
	{Gugliucci}, N.~E. and {Klima}, P. and {Liu}, A. and {MacMahon}, D.~H.~E. and 
	{Manley}, J.~R. and {Moore}, D.~F. and {Stefan}, I.~I. and {Walbrugh}, W.~P.
	},
    title = "{Multiredshift Limits on the 21 cm Power Spectrum from PAPER}",
  journal = {\apj},
archivePrefix = "arXiv",
   eprint = {1408.3389},
 keywords = {dark ages, reionization, first stars, techniques: interferometric},
     year = 2015,
    month = mar,
   volume = 801,
      eid = {51},
    pages = {51},
      doi = {10.1088/0004-637X/801/1/51},
   adsurl = {http://adsabs.harvard.edu/abs/2015ApJ...801...51J},
  adsnote = {Provided by the SAO/NASA Astrophysics Data System}
}

@ARTICLE{Hancock:2012,
   author = {{Hancock}, P.~J. and {Murphy}, T. and {Gaensler}, B.~M. and 
	{Hopkins}, A. and {Curran}, J.~R.},
    title = "{Compact continuum source finding for next generation radio surveys}",
  journal = {\mnras},
archivePrefix = "arXiv",
   eprint = {1202.4500},
 primaryClass = "astro-ph.IM",
 keywords = {techniques: image processing, catalogues, surveys},
     year = 2012,
    month = may,
   volume = 422,
    pages = {1812-1824},
      doi = {10.1111/j.1365-2966.2012.20768.x},
   adsurl = {http://adsabs.harvard.edu/abs/2012MNRAS.422.1812H},
  adsnote = {Provided by the SAO/NASA Astrophysics Data System}
}
@ARTICLE{Lane:2014,
   author = {{Lane}, W.~M. and {Cotton}, W.~D. and {van Velzen}, S. and {Clarke}, T.~E. and 
	{Kassim}, N.~E. and {Helmboldt}, J.~F. and {Lazio}, T.~J.~W. and 
	{Cohen}, A.~S.},
    title = "{The Very Large Array Low-frequency Sky Survey Redux (VLSSr)}",
  journal = {\mnras},
archivePrefix = "arXiv",
   eprint = {1404.0694},
 primaryClass = "astro-ph.IM",
 keywords = {techniques: image processing, catalogues, surveys, radio continuum: general},
     year = 2014,
    month = may,
   volume = 440,
    pages = {327-338},
      doi = {10.1093/mnras/stu256},
   adsurl = {http://adsabs.harvard.edu/abs/2014MNRAS.440..327L},
  adsnote = {Provided by the SAO/NASA Astrophysics Data System}
}

@ARTICLE{Slee:1995,
   author = {{Slee}, O.~B.},
    title = "{Radio sources observed with the Culgoora circular array}",
  journal = {Australian Journal of Physics},
 keywords = {Galactic Clusters, Radio Astronomy, Radio Observation, Radio Sources (Astronomy), Tables (Data), Arrays, Data Reduction, Sky Surveys (Astronomy)},
     year = 1995,
   volume = 48,
    pages = {143-186},
   adsurl = {http://adsabs.harvard.edu/abs/1995AuJPh..48..143S},
  adsnote = {Provided by the SAO/NASA Astrophysics Data System}
}
@ARTICLE{Jacobs:2013,
   author = {{Jacobs}, D.~C. and {Parsons}, A.~R. and {Aguirre}, J.~E. and 
	{Ali}, Z. and {Bowman}, J. and {Bradley}, R.~F. and {Carilli}, C.~L. and 
	{DeBoer}, D.~R. and {Dexter}, M.~R. and {Gugliucci}, N.~E. and 
	{Klima}, P. and {MacMahon}, D.~H.~E. and {Manley}, J.~R. and 
	{Moore}, D.~F. and {Pober}, J.~C. and {Stefan}, I.~I. and {Walbrugh}, W.~P.
	},
    title = "{A Flux Scale for Southern Hemisphere 21 cm Epoch of Reionization Experiments}",
  journal = {\apj},
archivePrefix = "arXiv",
   eprint = {1307.7716},
 primaryClass = "astro-ph.CO",
 keywords = {dark ages, reionization, first stars, catalogs, instrumentation: interferometers},
     year = 2013,
    month = oct,
   volume = 776,
      eid = {108},
    pages = {108},
      doi = {10.1088/0004-637X/776/2/108},
   adsurl = {http://adsabs.harvard.edu/abs/2013ApJ...776..108J},
  adsnote = {Provided by the SAO/NASA Astrophysics Data System}
}

@BOOK{Rybicki:1979,
   author = {{Rybicki}, G.~B. and {Lightman}, A.~P.},
    title = "{Radiative processes in astrophysics}",
 keywords = {Astrophysics, Radiative Transfer, Atomic Structure, Bremsstrahlung, Compton Effect, Covariance, Kinematics, Molecular Structure, Plasma Radiation, Radiation Distribution, Relativistic Effects, Synchrotron Radiation},
booktitle = {New York, Wiley-Interscience, 1979.~393 p.},
     year = 1979,
   adsurl = {http://adsabs.harvard.edu/abs/1979rpa..book.....R},
  adsnote = {Provided by the SAO/NASA Astrophysics Data System}
}

@BOOK{Thompson:1986,
   author = {{Thompson}, A.~R. and {Moran}, J.~M. and {Swenson}, G.~W.},
    title = "{Interferometry and synthesis in radio astronomy}",
 keywords = {Antenna Arrays, Radio Astronomy, Radio Interferometers, Signal Processing, Astrometry, Fourier Transformation, Geodesy, Radio Frequency Interference, Very Long Base Interferometry, Wave Propagation},
booktitle = {New York, Wiley-Interscience, 1986, 554 p.},
     year = 1986,
   adsurl = {http://adsabs.harvard.edu/abs/1986isra.book.....T},
  adsnote = {Provided by the SAO/NASA Astrophysics Data System}
}

@ARTICLE{Thyagarajan:2013,
   author = {{Thyagarajan}, N. and {Udaya Shankar}, N. and {Subrahmanyan}, R. and 
	{Arcus}, W. and {Bernardi}, G. and {Bowman}, J.~D. and {Briggs}, F. and 
	{Bunton}, J.~D. and {Cappallo}, R.~J. and {Corey}, B.~E. and 
	{deSouza}, L. and {Emrich}, D. and {Gaensler}, B.~M. and {Goeke}, R.~F. and 
	{Greenhill}, L.~J. and {Hazelton}, B.~J. and {Herne}, D. and 
	{Hewitt}, J.~N. and {Johnston-Hollitt}, M. and {Kaplan}, D.~L. and 
	{Kasper}, J.~C. and {Kincaid}, B.~B. and {Koenig}, R. and {Kratzenberg}, E. and 
	{Lonsdale}, C.~J. and {Lynch}, M.~J. and {McWhirter}, S.~R. and 
	{Mitchell}, D.~A. and {Morales}, M.~F. and {Morgan}, E.~H. and 
	{Oberoi}, D. and {Ord}, S.~M. and {Pathikulangara}, J. and {Remillard}, R.~A. and 
	{Rogers}, A.~E.~E. and {Anish Roshi}, D. and {Salah}, J.~E. and 
	{Sault}, R.~J. and {Srivani}, K.~S. and {Stevens}, J.~B. and 
	{Thiagaraj}, P. and {Tingay}, S.~J. and {Wayth}, R.~B. and {Waterson}, M. and 
	{Webster}, R.~L. and {Whitney}, A.~R. and {Williams}, A.~J. and 
	{Williams}, C.~L. and {Wyithe}, J.~S.~B.},
    title = "{A Study of Fundamental Limitations to Statistical Detection of Redshifted H I from the Epoch of Reionization}",
  journal = {\apj},
archivePrefix = "arXiv",
   eprint = {1308.0565},
 keywords = {dark ages, reionization, first stars, large-scale structure of universe, methods: statistical, radio continuum: galaxies, radio lines: general, techniques: interferometric},
     year = 2013,
    month = oct,
   volume = 776,
      eid = {6},
    pages = {6},
      doi = {10.1088/0004-637X/776/1/6},
   adsurl = {http://adsabs.harvard.edu/abs/2013ApJ...776....6T},
  adsnote = {Provided by the SAO/NASA Astrophysics Data System}
}


@ARTICLE{Helmboldt:2012,
   author = {{Helmboldt}, J.~F. and {Intema}, H.~T.},
    title = "{Very large array observations of disturbed ion flow from the plasmasphere to the nighttime ionosphere}",
  journal = {Radio Science},
archivePrefix = "arXiv",
   eprint = {1205.1426},
 primaryClass = "physics.space-ph",
 keywords = {ionospheric disturbances, plasmaspheric disturbances},
     year = 2012,
    month = jan,
   volume = 47,
      eid = {RS0K03},
    pages = {0},
      doi = {10.1029/2012RS004979},
   adsurl = {http://adsabs.harvard.edu/abs/2012RaSc...47.0K03H},
  adsnote = {Provided by the SAO/NASA Astrophysics Data System}
}


@ARTICLE{Condon:1997,
   author = {{Condon}, J.~J.},
    title = "{Errors in Elliptical Gaussian FITS}",
  journal = {\pasp},
 keywords = {METHODS: DATA ANALYSIS},
     year = 1997,
    month = feb,
   volume = 109,
    pages = {166-172},
      doi = {10.1086/133871},
   adsurl = {http://adsabs.harvard.edu/abs/1997PASP..109..166C},
  adsnote = {Provided by the SAO/NASA Astrophysics Data System}
}
@ARTICLE{Vedantham:2015a,
   author = {{Vedantham}, H.~K. and {Koopmans}, L.~V.~E.},
    title = "{Scintillation noise in widefield radio interferometry}",
  journal = {\mnras},
archivePrefix = "arXiv",
   eprint = {1412.1420},
 primaryClass = "astro-ph.IM",
 keywords = {atmospheric effects, methods: analytical, methods: statistical, techniques: interferometric, dark ages, reionization, first stars},
     year = 2015,
    month = oct,
   volume = 453,
    pages = {925-938},
      doi = {10.1093/mnras/stv1594},
   adsurl = {http://adsabs.harvard.edu/abs/2015MNRAS.453..925V},
  adsnote = {Provided by the SAO/NASA Astrophysics Data System}
}


@ARTICLE{Condon:1974,
   author = {{Condon}, J.~J.},
    title = "{Confusion and Flux-Density Error Distributions}",
  journal = {\apj},
     year = 1974,
    month = mar,
   volume = 188,
    pages = {279-286},
      doi = {10.1086/152714},
   adsurl = {http://adsabs.harvard.edu/abs/1974ApJ...188..279C},
  adsnote = {Provided by the SAO/NASA Astrophysics Data System}
}

@ARTICLE{Loi:2015b,
   author = {{Loi}, S.~T. and {Trott}, C.~M. and {Murphy}, T. and {Cairns}, I.~H. and 
	{Bell}, M. and {Hurley-Walker}, N. and {Morgan}, J. and {Lenc}, E. and 
	{Offringa}, A.~R. and {Feng}, L. and {Hancock}, P.~J. and {Kaplan}, D.~L. and 
	{Kudryavtseva}, N. and {Bernardi}, G. and {Bowman}, J.~D. and 
	{Briggs}, F. and {Cappallo}, R.~J. and {Corey}, B.~E. and {Deshpande}, A.~A. and 
	{Emrich}, D. and {Gaensler}, B.~M. and {Goeke}, R. and {Greenhill}, L.~J. and 
	{Hazelton}, B.~J. and {Johnston-Hollitt}, M. and {Kasper}, J.~C. and 
	{Kratzenberg}, E. and {Lonsdale}, C.~J. and {Lynch}, M.~J. and 
	{McWhirter}, S.~R. and {Mitchell}, D.~A. and {Morales}, M.~F. and 
	{Morgan}, E. and {Oberoi}, D. and {Ord}, S.~M. and {Prabu}, T. and 
	{Rogers}, A.~E.~E. and {Roshi}, A. and {Shankar}, N.~U. and 
	{Srivani}, K.~S. and {Subrahmanyan}, R. and {Tingay}, S.~J. and 
	{Waterson}, M. and {Wayth}, R.~B. and {Webster}, R.~L. and {Whitney}, A.~R. and 
	{Williams}, A. and {Williams}, C.~L.},
    title = "{Power spectrum analysis of ionospheric fluctuations with the Murchison Widefield Array}",
  journal = {Radio Science},
archivePrefix = "arXiv",
   eprint = {1506.01798},
 primaryClass = "astro-ph.IM",
 keywords = {Murchison Widefield Array, ionosphere, power spectrum},
     year = 2015,
    month = jul,
   volume = 50,
    pages = {574-597},
      doi = {10.1002/2015RS005711},
   adsurl = {http://adsabs.harvard.edu/abs/2015RaSc...50..574L},
  adsnote = {Provided by the SAO/NASA Astrophysics Data System}
}


@article{Singleton:1974,
title = "Power spectra of ionospheric scintillations ",
journal = "Journal of Atmospheric and Terrestrial Physics ",
volume = "36",
number = "1",
pages = "113 - 133",
year = "1974",
note = "",
issn = "0021-9169",
doi = "http://dx.doi.org/10.1016/0021-9169(74)90071-3",
url = "http://www.sciencedirect.com/science/article/pii/0021916974900713",
author = "D.G. Singleton"
}


@ARTICLE{Rufenach:1972,
   author = {{Rufenach}, C.~L.},
    title = "{Power-law wavenumber spectrum deduced from ionospheric scintillation observations}",
  journal = {\jgr},
 keywords = {Particles and Fields in the Ionosphere: Ionospheric disturbances, Particles and Fields in the Ionosphere: Total electron content, Particles and Fields in the Ionosphere: Interactions between waves and particles},
     year = 1972,
   volume = 77,
    pages = {4761},
      doi = {10.1029/JA077i025p04761},
   adsurl = {http://adsabs.harvard.edu/abs/1972JGR....77.4761R},
  adsnote = {Provided by the SAO/NASA Astrophysics Data System}
}


@ARTICLE{Loi:2015a,
   author = {{Loi}, S.~T. and {Murphy}, T. and {Cairns}, I.~H. and {Menk}, F.~W. and 
	{Waters}, C.~L. and {Erickson}, P.~J. and {Trott}, C.~M. and 
	{Hurley-Walker}, N. and {Morgan}, J. and {Lenc}, E. and {Offringa}, A.~R. and 
	{Bell}, M.~E. and {Ekers}, R.~D. and {Gaensler}, B.~M. and {Lonsdale}, C.~J. and 
	{Feng}, L. and {Hancock}, P.~J. and {Kaplan}, D.~L. and {Bernardi}, G. and 
	{Bowman}, J.~D. and {Briggs}, F. and {Cappallo}, R.~J. and {Deshpande}, A.~A. and 
	{Greenhill}, L.~J. and {Hazelton}, B.~J. and {Johnston-Hollitt}, M. and 
	{McWhirter}, S.~R. and {Mitchell}, D.~A. and {Morales}, M.~F. and 
	{Morgan}, E. and {Oberoi}, D. and {Ord}, S.~M. and {Prabu}, T. and 
	{Shankar}, N.~U. and {Srivani}, K.~S. and {Subrahmanyan}, R. and 
	{Tingay}, S.~J. and {Wayth}, R.~B. and {Webster}, R.~L. and 
	{Williams}, A. and {Williams}, C.~L.},
    title = "{Real-time imaging of density ducts between the plasmasphere and ionosphere}",
  journal = {\grl},
archivePrefix = "arXiv",
   eprint = {1504.06470},
 primaryClass = "physics.space-ph",
 keywords = {Murchison Widefield Array, radio telescope, field aligned, whistler duct, ionosphere},
     year = 2015,
    month = may,
   volume = 42,
    pages = {3707-3714},
      doi = {10.1002/2015GL063699},
   adsurl = {http://adsabs.harvard.edu/abs/2015GeoRL..42.3707L},
  adsnote = {Provided by the SAO/NASA Astrophysics Data System}
}





@ARTICLE{Loi:2015c,
   author = {{Loi}, S.~T. and {Murphy}, T. and {Bell}, M.~E. and {Kaplan}, D.~L. and 
	{Lenc}, E. and {Offringa}, A.~R. and {Hurley-Walker}, N. and 
	{Bernardi}, G. and {Bowman}, J.~D. and {Briggs}, F. and {Cappallo}, R.~J. and 
	{Corey}, B.~E. and {Deshpande}, A.~A. and {Emrich}, D. and {Gaensler}, B.~M. and 
	{Goeke}, R. and {Greenhill}, L.~J. and {Hazelton}, B.~J. and 
	{Johnston-Hollitt}, M. and {Kasper}, J.~C. and {Kratzenberg}, E. and 
	{Lonsdale}, C.~J. and {Lynch}, M.~J. and {McWhirter}, S.~R. and 
	{Mitchell}, D.~A. and {Morales}, M.~F. and {Morgan}, E. and 
	{Oberoi}, D. and {Ord}, S.~M. and {Prabu}, T. and {Rogers}, A.~E.~E. and 
	{Roshi}, A. and {Udaya Shankar}, N. and {Srivani}, K.~S. and 
	{Subrahmanyan}, R. and {Tingay}, S.~J. and {Waterson}, M. and 
	{Wayth}, R.~B. and {Webster}, R.~L. and {Whitney}, A.~R. and 
	{Williams}, A. and {Williams}, C.~L.},
    title = "{Quantifying ionospheric effects on time-domain astrophysics with the Murchison Widefield Array}",
  journal = {ArXiv e-prints},
archivePrefix = "arXiv",
   eprint = {1508.00965},
 primaryClass = "astro-ph.IM",
 keywords = {Astrophysics - Instrumentation and Methods for Astrophysics},
     year = 2015,
    month = aug,
   adsurl = {http://adsabs.harvard.edu/abs/2015arXiv150800965L},
  adsnote = {Provided by the SAO/NASA Astrophysics Data System}
}

@ARTICLE{Arora:2015,
   author = {{Arora}, B.~S. and {Morgan}, J. and {Ord}, S.~M. and {Tingay}, S.~J. and 
	{Hurley-Walker}, N. and {Bell}, M. and {Bernardi}, G. and {Bhat}, N.~D.~R. and 
	{Briggs}, F. and {Callingham}, J.~R. and {Deshpande}, A.~A. and 
	{Dwarakanath}, K.~S. and {Ewall-Wice}, A. and {Feng}, L. and 
	{For}, B.-Q. and {Hancock}, P. and {Hazelton}, B.~J. and {Hindson}, L. and 
	{Jacobs}, D. and {Johnston-Hollitt}, M. and {Kapi{\'n}ska}, A.~D. and 
	{Kudryavtseva}, N. and {Lenc}, E. and {McKinley}, B. and {Mitchell}, D. and 
	{Oberoi}, D. and {Offringa}, A.~R. and {Pindor}, B. and {Procopio}, P. and 
	{Riding}, J. and {Staveley-Smith}, L. and {Wayth}, R.~B. and 
	{Wu}, C. and {Zheng}, Q. and {Bowman}, J.~D. and {Cappallo}, R.~J. and 
	{Corey}, B.~E. and {Emrich}, D. and {Goeke}, R. and {Greenhill}, L.~J. and 
	{Kaplan}, D.~L. and {Kasper}, J.~C. and {Kratzenberg}, E. and 
	{Lonsdale}, C.~J. and {Lynch}, M.~J. and {McWhirter}, S.~R. and 
	{Morales}, M.~F. and {Morgan}, E. and {Prabu}, T. and {Rogers}, A.~E.~E. and 
	{Roshi}, A. and {Shankar}, N.~U. and {Srivani}, K.~S. and {Subrahmanyan}, R. and 
	{Waterson}, M. and {Webster}, R.~L. and {Whitney}, A.~R. and 
	{Williams}, A. and {Williams}, C.~L.},
    title = "{Ionospheric Modelling using GPS to Calibrate the MWA. I: Comparison of First Order Ionospheric Effects between GPS Models and MWA Observations}",
  journal = {\pasa},
archivePrefix = "arXiv",
   eprint = {1507.01184},
 primaryClass = "astro-ph.IM",
 keywords = {atmospheric effects, techniques: interferometric},
     year = 2015,
    month = aug,
   volume = 32,
      eid = {e029},
    pages = {29},
      doi = {10.1017/pasa.2015.29},
   adsurl = {http://adsabs.harvard.edu/abs/2015PASA...32...29A},
  adsnote = {Provided by the SAO/NASA Astrophysics Data System}
}


@ARTICLE{Loi:inPrep,
author= {{Loi et al.},},
title="{In Prep}",
year="{In Prep}",
}

@ARTICLE{Caroll:2016,
author= {{Caroll}, P. and others},
title="{A High Reliability Survey of Discrete Epoch of Reionization Foreground Sources in the MWA EoR0 Field}",
year="{2016}",
journal="{Submitted in MNRAS}"
}

@ARTICLE{Line:2016,
author={{Line}, J. and others},
title="{In Preparation}",
year="{2016}",
journal="{In Preparation}",
}

@ARTICLE{Williams:2016,
   author = {{Williams}, W.~L. and {van Weeren}, R.~J. and {R{\"o}ttgering}, H.~J.~A. and 
	{Best}, P. and {Dijkema}, T.~J. and {de Gasperin}, F. and {Hardcastle}, M.~J. and 
	{Heald}, G. and {Prandoni}, I. and {Sabater}, J. and {Shimwell}, T.~W. and 
	{Tasse}, C. and {van Bemmel}, I.~M. and {Br{\"u}ggen}, M. and 
	{Brunetti}, G. and {Conway}, J.~E. and {En{\ss}lin}, T. and 
	{Engels}, D. and {Falcke}, H. and {Ferrari}, C. and {Haverkorn}, M. and 
	{Jackson}, N. and {Jarvis}, M.~J. and {Kapinska}, A.~D. and 
	{Mahony}, E.~K. and {Miley}, G.~K. and {Morabito}, L.~K. and 
	{Morganti}, R. and {Orr{\'u}}, E. and {Retana-Montenegro}, E. and 
	{Sridhar}, S.~S. and {Toribio}, M.~C. and {White}, G.~J. and 
	{Wise}, M.~W. and {Zwart}, J.~T.~L.},
    title = "{LOFAR 150-MHz observations of the Bo$\backslash$''otes field: Catalogue and Source Counts}",
  journal = {ArXiv e-prints},
archivePrefix = "arXiv",
   eprint = {1605.01531},
 keywords = {Astrophysics - Cosmology and Nongalactic Astrophysics, Astrophysics - Instrumentation and Methods for Astrophysics},
     year = 2016,
    month = may,
   adsurl = {http://adsabs.harvard.edu/abs/2016arXiv160501531W},
  adsnote = {Provided by the SAO/NASA Astrophysics Data System}
}



@ARTICLE{HurleyWalker:2016,
author={{Hurley-Walker}, N. and others},
title="{A low-frequency extragalactic catalogue from the GaLactic and Extragalactic All-sky Murchison Widefield Array (GLEAM) survey}",
year="{2016}",
journal="{Submitted to MNRAS}"
}

@ARTICLE{Pober:inPrep,
author={{Pober et al.},},
title="{In Prep}",
year="{In Prep}",
}


@ARTICLE{Sullivan:inPrep,
author={{Sullivan et al.},},
title="{In Prep}",
year="{In Prep}",
}


@ARTICLE{Lenc:inPrep,
author={{Lenc et al.},},
title="{In Prep}",
year="{In Prep}",
}


@MISC{Tingay:private,
author="Tingay, Steven",
year= "2015",
howpublished="private communication"
}

@ARTICLE{Helmboldt:2012b,
   author = {{Helmboldt}, J.~F. and {Lane}, W.~M. and {Cotton}, W.~D.},
    title = "{Climatology of midlatitude ionospheric disturbances from the Very Large Array Low-frequency Sky Survey}",
  journal = {Radio Science},
archivePrefix = "arXiv",
   eprint = {1209.1030},
 primaryClass = "physics.space-ph",
 keywords = {ionosphere climatology, ionospheric disturbances, Ionosphere: Ionospheric disturbances, Ionosphere: Ionospheric dynamics, Ionosphere: Ionospheric irregularities},
     year = 2012,
    month = oct,
   volume = 47,
      eid = {RS5008},
    pages = {5008},
      doi = {10.1029/2012RS005025},
   adsurl = {http://adsabs.harvard.edu/abs/2012RaSc...47.5008H},
  adsnote = {Provided by the SAO/NASA Astrophysics Data System}
}

@ARTICLE{Morales:2004,
   author = {{Morales}, M.~F. and {Hewitt}, J.},
    title = "{Toward Epoch of Reionization Measurements with Wide-Field Radio Observations}",
  journal = {\apj},
   eprint = {astro-ph/0312437},
 keywords = {Cosmology: Observations, Cosmology: Early Universe, Radio Lines: General},
     year = 2004,
    month = nov,
   volume = 615,
    pages = {7-18},
      doi = {10.1086/424437},
   adsurl = {http://adsabs.harvard.edu/abs/2004ApJ...615....7M},
  adsnote = {Provided by the SAO/NASA Astrophysics Data System}
}


@ARTICLE{Beardsley:2016a,
   author = {{Beardsley}, A.~P. and {Thyagarajan}, N. and {Bowman}, J.~D. and 
	{Morales}, M.~F.},
    title = "{An Efficient Feedback Calibration Algorithm for Direct Imaging Radio Telescopes}",
  journal = {ArXiv e-prints},
archivePrefix = "arXiv",
   eprint = {1603.02126},
 primaryClass = "astro-ph.IM",
 keywords = {Astrophysics - Instrumentation and Methods for Astrophysics},
     year = 2016,
    month = mar,
   adsurl = {http://adsabs.harvard.edu/abs/2016arXiv160302126B},
  adsnote = {Provided by the SAO/NASA Astrophysics Data System}
}

@ARTICLE{Morales:2011,
   author = {{Morales}, M.~F.},
    title = "{Enabling Next-Generation Dark Energy and Epoch of Reionization Radio Observatories with the MOFF Correlator}",
  journal = {\pasp},
archivePrefix = "arXiv",
   eprint = {0812.3669},
     year = 2011,
    month = nov,
   volume = 123,
    pages = {1265-1272},
      doi = {10.1086/663092},
   adsurl = {http://adsabs.harvard.edu/abs/2011PASP..123.1265M},
  adsnote = {Provided by the SAO/NASA Astrophysics Data System}
}


@ARTICLE{Thyagarajan:2015c,
   author = {{Thyagarajan}, N. and {Beardsley}, A.~P. and {Bowman}, J.~D. and 
	{Morales}, M.~F.},
    title = "{A Generic and Efficient E-field Parallel Imaging Correlator for Next-Generation Radio Telescopes}",
  journal = {ArXiv e-prints},
archivePrefix = "arXiv",
   eprint = {1510.08318},
 primaryClass = "astro-ph.IM",
 keywords = {Astrophysics - Instrumentation and Methods for Astrophysics},
     year = 2015,
    month = oct,
   adsurl = {http://adsabs.harvard.edu/abs/2015arXiv151008318T},
  adsnote = {Provided by the SAO/NASA Astrophysics Data System}
}


@ARTICLE{Tegmark:2010,
   author = {{Tegmark}, M. and {Zaldarriaga}, M.},
    title = "{Omniscopes: Large area telescope arrays with only Nlog{\func}N computational cost}",
  journal = {\prd},
archivePrefix = "arXiv",
   eprint = {0909.0001},
 primaryClass = "astro-ph.CO",
 keywords = {Observational cosmology},
     year = 2010,
    month = nov,
   volume = 82,
   number = 10,
      eid = {103501},
    pages = {103501},
      doi = {10.1103/PhysRevD.82.103501},
   adsurl = {http://adsabs.harvard.edu/abs/2010PhRvD..82j3501T},
  adsnote = {Provided by the SAO/NASA Astrophysics Data System}
}



@ARTICLE{Tegmark:1997a,
   author = {{Tegmark}, M.},
    title = "{How to measure CMB power spectra without losing information}",
  journal = {\prd},
   eprint = {astro-ph/9611174},
 keywords = {Background radiations, Origin and formation of the Universe, Observational cosmology},
     year = 1997,
    month = may,
   volume = 55,
    pages = {5895-5907},
      doi = {10.1103/PhysRevD.55.5895},
   adsurl = {http://adsabs.harvard.edu/abs/1997PhRvD..55.5895T},
  adsnote = {Provided by the SAO/NASA Astrophysics Data System}
}
@ARTICLE{Liu:2011,
   author = {{Liu}, A. and {Tegmark}, M.},
    title = "{A method for 21 cm power spectrum estimation in the presence of foregrounds}",
  journal = {\prd},
archivePrefix = "arXiv",
   eprint = {1103.0281},
 primaryClass = "astro-ph.CO",
 keywords = {Observation and data reduction techniques, computer modeling and simulation, Mathematical procedures and computer techniques, Observational cosmology},
     year = 2011,
    month = may,
   volume = 83,
   number = 10,
      eid = {103006},
    pages = {103006},
      doi = {10.1103/PhysRevD.83.103006},
   adsurl = {http://adsabs.harvard.edu/abs/2011PhRvD..83j3006L},
  adsnote = {Provided by the SAO/NASA Astrophysics Data System}
}

@ARTICLE{Dillon:2013,
   author = {{Dillon}, J.~S. and {Liu}, A. and {Tegmark}, M.},
    title = "{A fast method for power spectrum and foreground analysis for 21 cm cosmology}",
  journal = {\prd},
archivePrefix = "arXiv",
   eprint = {1211.2232},
 primaryClass = "astro-ph.CO",
 keywords = {Observation and data reduction techniques, computer modeling and simulation, Mathematical procedures and computer techniques, Cosmology, Observational cosmology},
     year = 2013,
    month = feb,
   volume = 87,
   number = 4,
      eid = {043005},
    pages = {043005},
      doi = {10.1103/PhysRevD.87.043005},
   adsurl = {http://adsabs.harvard.edu/abs/2013PhRvD..87d3005D},
  adsnote = {Provided by the SAO/NASA Astrophysics Data System}
}
@ARTICLE{Liu:2015,
   author = {{Parsons}, A.~R. and {Liu}, A. and {Ali}, Z.~S. and {Cheng}, C.
	},
    title = "{Optimized Beam Sculpting with Generalized Fringe-Rate Filters}",
  journal = {ArXiv e-prints},
archivePrefix = "arXiv",
   eprint = {1503.05564},
 primaryClass = "astro-ph.IM",
 keywords = {Astrophysics - Instrumentation and Methods for Astrophysics, Astrophysics - Cosmology and Nongalactic Astrophysics},
     year = 2015,
    month = mar,
   adsurl = {http://adsabs.harvard.edu/abs/2015arXiv150305564P},
  adsnote = {Provided by the SAO/NASA Astrophysics Data System}
}
@ARTICLE{Tegmark:1997b,
   author = {{Tegmark}, M.},
    title = "{How to Make Maps from Cosmic Microwave Background Data without Losing Information}",
  journal = {\apjl},
   eprint = {astro-ph/9611130},
 keywords = {COSMOLOGY: COSMIC MICROWAVE BACKGROUND, METHODS: DATA ANALYSIS, Cosmology: Cosmic Microwave Background, Methods: Data Analysis},
     year = 1997,
    month = may,
   volume = 480,
    pages = {L87-L90},
      doi = {10.1086/310631},
   adsurl = {http://adsabs.harvard.edu/abs/1997ApJ...480L..87T},
  adsnote = {Provided by the SAO/NASA Astrophysics Data System}
}


@ARTICLE{Sullivan:2012,
   author = {{Sullivan}, I.~S. and {Morales}, M.~F. and {Hazelton}, B.~J. and 
	{Arcus}, W. and {Barnes}, D. and {Bernardi}, G. and {Briggs}, F.~H. and 
	{Bowman}, J.~D. and {Bunton}, J.~D. and {Cappallo}, R.~J. and 
	{Corey}, B.~E. and {Deshpande}, A. and {deSouza}, L. and {Emrich}, D. and 
	{Gaensler}, B.~M. and {Goeke}, R. and {Greenhill}, L.~J. and 
	{Herne}, D. and {Hewitt}, J.~N. and {Johnston-Hollitt}, M. and 
	{Kaplan}, D.~L. and {Kasper}, J.~C. and {Kincaid}, B.~B. and 
	{Koenig}, R. and {Kratzenberg}, E. and {Lonsdale}, C.~J. and 
	{Lynch}, M.~J. and {McWhirter}, S.~R. and {Mitchell}, D.~A. and 
	{Morgan}, E. and {Oberoi}, D. and {Ord}, S.~M. and {Pathikulangara}, J. and 
	{Prabu}, T. and {Remillard}, R.~A. and {Rogers}, A.~E.~E. and 
	{Roshi}, A. and {Salah}, J.~E. and {Sault}, R.~J. and {Udaya Shankar}, N. and 
	{Srivani}, K.~S. and {Stevens}, J. and {Subrahmanyan}, R. and 
	{Tingay}, S.~J. and {Wayth}, R.~B. and {Waterson}, M. and {Webster}, R.~L. and 
	{Whitney}, A.~R. and {Williams}, A. and {Williams}, C.~L. and 
	{Wyithe}, J.~S.~B.},
    title = "{Fast Holographic Deconvolution: A New Technique for Precision Radio Interferometry}",
  journal = {\apj},
archivePrefix = "arXiv",
   eprint = {1209.1653},
 primaryClass = "astro-ph.IM",
 keywords = {dark ages, reionization, first stars, techniques: image processing, techniques: interferometric},
     year = 2012,
    month = nov,
   volume = 759,
      eid = {17},
    pages = {17},
      doi = {10.1088/0004-637X/759/1/17},
   adsurl = {http://adsabs.harvard.edu/abs/2012ApJ...759...17S},
  adsnote = {Provided by the SAO/NASA Astrophysics Data System}
}

@book{Griffiths:2013,
      author        = "Griffiths, David J",
      title         = "{Introduction to electrodynamics; 4th ed.}",
      publisher     = "Pearson",
      address       = "Boston, MA",
      year          = "2013",
      url           = "https://cds.cern.ch/record/1492149",
}


@ARTICLE{Remazeilles:2015,
   author = {{Remazeilles}, M. and {Dickinson}, C. and {Banday}, A.~J. and 
	{Bigot-Sazy}, M.-A. and {Ghosh}, T.},
    title = "{An improved source-subtracted and destriped 408-MHz all-sky map}",
  journal = {\mnras},
archivePrefix = "arXiv",
   eprint = {1411.3628},
 primaryClass = "astro-ph.IM",
 keywords = {methods: data analysis, techniques: image processing, diffuse radiation, radio continuum: general},
     year = 2015,
    month = aug,
   volume = 451,
    pages = {4311-4327},
      doi = {10.1093/mnras/stv1274},
   adsurl = {http://adsabs.harvard.edu/abs/2015MNRAS.451.4311R},
  adsnote = {Provided by the SAO/NASA Astrophysics Data System}
}


@ARTICLE{Haslam:1982,
   author = {{Haslam}, C.~G.~T. and {Salter}, C.~J. and {Stoffel}, H. and 
	{Wilson}, W.~E.},
    title = "{A 408 MHz all-sky continuum survey. II - The atlas of contour maps}",
  journal = {\aaps},
 keywords = {Astronomical Maps, Radio Astronomy, Ultrahigh Frequencies, Galactic Structure, Radio Telescopes, Relief Maps},
     year = 1982,
    month = jan,
   volume = 47,
    pages = {1},
   adsurl = {http://adsabs.harvard.edu/abs/1982A%26AS...47....1H},
  adsnote = {Provided by the SAO/NASA Astrophysics Data System}
}

@ARTICLE{Pagica:2013,
   author = {{Paciga}, G. and {Albert}, J.~G. and {Bandura}, K. and {Chang}, T.-C. and 
	{Gupta}, Y. and {Hirata}, C. and {Odegova}, J. and {Pen}, U.-L. and 
	{Peterson}, J.~B. and {Roy}, J. and {Shaw}, J.~R. and {Sigurdson}, K. and 
	{Voytek}, T.},
    title = "{A simulation-calibrated limit on the H I power spectrum from the GMRT Epoch of Reionization experiment}",
  journal = {\mnras},
archivePrefix = "arXiv",
   eprint = {1301.5906},
 primaryClass = "astro-ph.CO",
 keywords = {intergalactic medium, cosmology: observations, diffuse radiation, radio lines: general},
     year = 2013,
    month = jul,
   volume = 433,
    pages = {639-647},
      doi = {10.1093/mnras/stt753},
   adsurl = {http://adsabs.harvard.edu/abs/2013MNRAS.433..639P},
  adsnote = {Provided by the SAO/NASA Astrophysics Data System}
}


@ARTICLE{Pritchard:2007,
   author = {{Pritchard}, J.~R. and {Furlanetto}, S.~R.},
    title = "{21-cm fluctuations from inhomogeneous X-ray heating before reionization}",
  journal = {\mnras},
   eprint = {astro-ph/0607234},
 keywords = {intergalactic medium , cosmology: theory , diffuse radiation , X-rays: diffuse background},
     year = 2007,
    month = apr,
   volume = 376,
    pages = {1680-1694},
      doi = {10.1111/j.1365-2966.2007.11519.x},
   adsurl = {http://adsabs.harvard.edu/abs/2007MNRAS.376.1680P},
  adsnote = {Provided by the SAO/NASA Astrophysics Data System}
}



@ARTICLE{Jacobs:2011,
   author = {{Jacobs}, D.~C. and {Aguirre}, J.~E. and {Parsons}, A.~R. and 
	{Pober}, J.~C. and {Bradley}, R.~F. and {Carilli}, C.~L. and 
	{Gugliucci}, N.~E. and {Manley}, J.~R. and {van der Merwe}, C. and 
	{Moore}, D.~F. and {Parashare}, C.~R.},
    title = "{New 145 MHz Source Measurements by PAPER in the Southern Sky}",
  journal = {\apjl},
archivePrefix = "arXiv",
   eprint = {1105.1367},
 primaryClass = "astro-ph.CO",
 keywords = {catalogs, dark ages, reionization, first stars, instrumentation: interferometers},
     year = 2011,
    month = jun,
   volume = 734,
      eid = {L34},
    pages = {L34},
      doi = {10.1088/2041-8205/734/2/L34},
   adsurl = {http://adsabs.harvard.edu/abs/2011ApJ...734L..34J},
  adsnote = {Provided by the SAO/NASA Astrophysics Data System}
}


@ARTICLE{Large:1981,
   author = {{Large}, M.~I. and {Mills}, B.~Y. and {Little}, A.~G. and {Crawford}, D.~F. and 
	{Sutton}, J.~M.},
    title = "{The Molonglo Reference Catalogue of Radio Sources}",
  journal = {\mnras},
     year = 1981,
    month = feb,
   volume = 194,
    pages = {693},
   adsurl = {http://adsabs.harvard.edu/abs/1981MNRAS.194..693L},
  adsnote = {Provided by the SAO/NASA Astrophysics Data System}
}




@ARTICLE{Fomalant:1989,
   author = {{Fomalont}, E.~B. and {Ebneter}, K.~A. and {van Breugel}, W.~J.~M. and 
	{Ekers}, R.~D.},
    title = "{Depolarization silhouettes and the filamentary structure in the radio source Fornax A}",
  journal = {\apjl},
 keywords = {Dark Matter, Intergalactic Media, Radio Galaxies, Radio Sources (Astronomy), Very Large Array (Vla), Depolarization, Galactic Structure, Spiral Galaxies},
     year = 1989,
    month = nov,
   volume = 346,
    pages = {L17-L20},
      doi = {10.1086/185568},
   adsurl = {http://adsabs.harvard.edu/abs/1989ApJ...346L..17F},
  adsnote = {Provided by the SAO/NASA Astrophysics Data System}
}


@ARTICLE{Perley:1997,
   author = {{Perley}, R.~A. and {Roser}, H.-J. and {Meisenheimer}, K.},
    title = "{The radio galaxy PictorA -- a study with the VLA}",
  journal = {\aap},
 keywords = {ACCELERATION OF PARTICLES, POLARIZATION, RADIATION MECHNISMS: NON-THERMAL, GALAXIES: PICTOR A, RADIO CONTINUUM: GALAXIES},
     year = 1997,
    month = dec,
   volume = 328,
    pages = {12-32},
   adsurl = {http://adsabs.harvard.edu/abs/1997A%26A...328...12P},
  adsnote = {Provided by the SAO/NASA Astrophysics Data System}
}

@ARTICLE{Matejek:2009,
   author = {{Matejek}, M.~S. and {Morales}, M.~F.},
    title = "{Correcting for the ionosphere in the uv-plane}",
  journal = {ArXiv e-prints},
archivePrefix = "arXiv",
   eprint = {0911.3942},
 primaryClass = "astro-ph.IM",
 keywords = {Astrophysics - Instrumentation and Methods for Astrophysics, Astrophysics - Cosmology and Extragalactic Astrophysics},
     year = 2009,
    month = nov,
   adsurl = {http://adsabs.harvard.edu/abs/2009arXiv0911.3942M},
  adsnote = {Provided by the SAO/NASA Astrophysics Data System}
}
@article{Rideout:2006,
year={2006},
issn={1080-5370},
journal={GPS Solutions},
volume={10},
number={3},
doi={10.1007/s10291-006-0029-5},
title={Automated GPS processing for global total electron content data},
url={http://dx.doi.org/10.1007/s10291-006-0029-5},
publisher={Springer-Verlag},
author={Rideout, William and Coster, Anthea},
pages={219-228},
language={English}
}



@ARTICLE{Pober:2013a,
   author = {{Pober}, J.~C. and {Parsons}, A.~R. and {Aguirre}, J.~E. and 
	{Ali}, Z. and {Bradley}, R.~F. and {Carilli}, C.~L. and {DeBoer}, D. and 
	{Dexter}, M. and {Gugliucci}, N.~E. and {Jacobs}, D.~C. and 
	{Klima}, P.~J. and {MacMahon}, D. and {Manley}, J. and {Moore}, D.~F. and 
	{Stefan}, I.~I. and {Walbrugh}, W.~P.},
    title = "{Opening the 21 cm Epoch of Reionization Window: Measurements of Foreground Isolation with PAPER}",
  journal = {\apjl},
archivePrefix = "arXiv",
   eprint = {1301.7099},
 primaryClass = "astro-ph.CO",
 keywords = {cosmology: observations, dark ages, reionization, first stars, techniques: interferometric},
     year = 2013,
    month = may,
   volume = 768,
      eid = {L36},
    pages = {L36},
      doi = {10.1088/2041-8205/768/2/L36},
   adsurl = {http://adsabs.harvard.edu/abs/2013ApJ...768L..36P},
  adsnote = {Provided by the SAO/NASA Astrophysics Data System}
}


@ARTICLE{Pober:2013b,
   author = {{Pober}, J.~C. and {Parsons}, A.~R. and {DeBoer}, D.~R. and 
	{McDonald}, P. and {McQuinn}, M. and {Aguirre}, J.~E. and {Ali}, Z. and 
	{Bradley}, R.~F. and {Chang}, T.-C. and {Morales}, M.~F.},
    title = "{The Baryon Acoustic Oscillation Broadband and Broad-beam Array: Design Overview and Sensitivity Forecasts}",
  journal = {\aj},
archivePrefix = "arXiv",
   eprint = {1210.2413},
 keywords = {cosmological parameters, distance scale, instrumentation: interferometers, large-scale structure of universe, techniques: interferometric },
     year = 2013,
    month = mar,
   volume = 145,
      eid = {65},
    pages = {65},
      doi = {10.1088/0004-6256/145/3/65},
   adsurl = {http://adsabs.harvard.edu/abs/2013AJ....145...65P},
  adsnote = {Provided by the SAO/NASA Astrophysics Data System}
}





@ARTICLE{Morales:2009,
   author = {{Morales}, M.~F. and {Matejek}, M.},
    title = "{Software holography: interferometric data analysis for the challenges of next generation observatories}",
  journal = {\mnras},
archivePrefix = "arXiv",
   eprint = {0810.5107},
 keywords = {instrumentation: interferometers , techniques: interferometric , cosmology: miscellaneous},
     year = 2009,
    month = dec,
   volume = 400,
    pages = {1814-1820},
      doi = {10.1111/j.1365-2966.2009.15537.x},
   adsurl = {http://adsabs.harvard.edu/abs/2009MNRAS.400.1814M},
  adsnote = {Provided by the SAO/NASA Astrophysics Data System}
}

@ARTICLE{Hazelton:2013,
   author = {{Hazelton}, B.~J. and {Morales}, M.~F. and {Sullivan}, I.~S.
	},
    title = "{The Fundamental Multi-baseline Mode-mixing Foreground in 21 cm Epoch of Reionization Observations}",
  journal = {\apj},
archivePrefix = "arXiv",
   eprint = {1301.3126},
 primaryClass = "astro-ph.IM",
 keywords = {cosmology: observations, methods: data analysis, techniques: interferometric},
     year = 2013,
    month = jun,
   volume = 770,
      eid = {156},
    pages = {156},
      doi = {10.1088/0004-637X/770/2/156},
   adsurl = {http://adsabs.harvard.edu/abs/2013ApJ...770..156H},
  adsnote = {Provided by the SAO/NASA Astrophysics Data System}
}


@article{Pindor:2016,
author={{Pindor}, B. and others},
year="\noop{2016} in preparation",
}


@ARTICLE{DeBoer:2016,
author={{DeBoer}, D. and others},
title="{Hydrogen Epoch of Reionization Array (HERA)}",
year="2016"
}


@article{Jacobs:2016,
author={{Jacobs}, D. and others},
year="\noop{2016} in review",
journal={\apj}
}

@ARTICLE{Beardsley:2016b,
   author = {{Beardsley}, A.~P. and {Hazelton}, B.~J. and {Sullivan}, I.~S. and 
	{Carroll}, P. and {Barry}, N. and {Rahimi}, M. and {Pindor}, B. and 
	{Trott}, C.~M. and {Line}, J. and {Jacobs}, D.~C. and {Morales}, M.~F. and 
	{Pober}, J.~C. and {Bernardi}, G. and {Bowman}, J.~D. and {Busch}, M.~P. and 
	{Briggs}, F. and {Cappallo}, R.~J. and {Corey}, B.~E. and {de Oliveira-Costa}, A. and 
	{Dillon}, J.~S. and {Emrich}, D. and {Ewall-Wice}, A. and {Feng}, L. and 
	{Gaensler}, B.~M. and {Goeke}, R. and {Greenhill}, L.~J. and 
	{Hewitt}, J.~N. and {Hurley-Walker}, N. and {Johnston-Hollitt}, M. and 
	{Kaplan}, D.~L. and {Kasper}, J.~C. and {Kim}, H.~S. and {Kratzenberg}, E. and 
	{Lenc}, E. and {Loeb}, A. and {Lonsdale}, C.~J. and {Lynch}, M.~J. and 
	{McKinley}, B. and {McWhirter}, S.~R. and {Mitchell}, D.~A. and 
	{Morgan}, E. and {Neben}, A.~R. and {Thyagarajan}, N. and {Oberoi}, D. and 
	{Offringa}, A.~R. and {Ord}, S.~M. and {Paul}, S. and {Prabu}, T. and 
	{Procopio}, P. and {Riding}, J. and {Rogers}, A.~E.~E. and {Roshi}, A. and 
	{Udaya Shankar}, N. and {Sethi}, S.~K. and {Srivani}, K.~S. and 
	{Subrahmanyan}, R. and {Tegmark}, M. and {Tingay}, S.~J. and 
	{Waterson}, M. and {Wayth}, R.~B. and {Webster}, R.~L. and {Whitney}, A.~R. and 
	{Williams}, A. and {Williams}, C.~L. and {Wu}, C. and {Wyithe}, J.~S.~B.
	},
    title = "{First Season MWA EoR Power Spectrum Results at Redshift 7}",
  journal = {ArXiv e-prints},
archivePrefix = "arXiv",
   eprint = {1608.06281},
 primaryClass = "astro-ph.IM",
 keywords = {Astrophysics - Instrumentation and Methods for Astrophysics, Astrophysics - Cosmology and Nongalactic Astrophysics},
     year = 2016,
    month = aug,
   adsurl = {http://adsabs.harvard.edu/abs/2016arXiv160806281B},
  adsnote = {Provided by the SAO/NASA Astrophysics Data System}
}


@ARTICLE{Barry:2016,
   author = {{Barry}, N. and {Hazelton}, B. and {Sullivan}, I. and {Morales}, M.~F. and 
	{Pober}, J.~C.},
    title = "{Calibration Requirements for Detecting the 21 cm Epoch of Reionization Power Spectrum and Implications for the SKA}",
  journal = {ArXiv e-prints},
archivePrefix = "arXiv",
   eprint = {1603.00607},
 primaryClass = "astro-ph.IM",
 keywords = {Astrophysics - Instrumentation and Methods for Astrophysics, Astrophysics - Cosmology and Nongalactic Astrophysics},
     year = 2016,
    month = mar,
   adsurl = {http://adsabs.harvard.edu/abs/2016arXiv160300607B},
  adsnote = {Provided by the SAO/NASA Astrophysics Data System}
}


@article{Offringa:2016,
author={{Offringa}, A. and others},
year="\noop{2016} in review",
}


@ARTICLE{Pacucci:2014,
   author = {{Pacucci}, F. and {Mesinger}, A. and {Mineo}, S. and {Ferrara}, A.
	},
    title = "{The X-ray spectra of the first galaxies: 21 cm signatures}",
  journal = {\mnras},
archivePrefix = "arXiv",
   eprint = {1403.6125},
 keywords = {galaxies: high-redshift, cosmology: theory, X-rays: binaries, X-rays: diffuse background, X-rays: galaxies, X-rays: ISM},
     year = 2014,
    month = sep,
   volume = 443,
    pages = {678-686},
      doi = {10.1093/mnras/stu1240},
   adsurl = {http://adsabs.harvard.edu/abs/2014MNRAS.443..678P},
  adsnote = {Provided by the SAO/NASA Astrophysics Data System}
}
@ARTICLE{Fialkov:2014,
   author = {{Fialkov}, A. and {Barkana}, R. and {Visbal}, E.},
    title = "{The observable signature of late heating of the Universe during cosmic reionization}",
  journal = {\nat},
archivePrefix = "arXiv",
   eprint = {1402.0940},
 primaryClass = "astro-ph.CO",
     year = 2014,
    month = feb,
   volume = 506,
    pages = {197-199},
      doi = {10.1038/nature12999},
   adsurl = {http://adsabs.harvard.edu/abs/2014Natur.506..197F},
  adsnote = {Provided by the SAO/NASA Astrophysics Data System}
}



@ARTICLE{Koopmans:2015,
   author = {{Koopmans}, L.~V.~E. and {Pritchard}, J. and {Mellema}, G. and 
	{Abdalla}, F. and {Aguirre}, J. and {Ahn}, K. and {Barkana}, R. and 
	{van Bemmel}, I. and {Bernardi}, G. and {Bonaldi}, A. and {Briggs}, F. and 
	{de Bruyn}, A.~G. and {Chang}, T.~C. and {Chapman}, E. and {Chen}, X. and 
	{Ciardi}, B. and {Datta}, K.~K. and {Dayal}, P. and {Ferrara}, A. and 
	{Fialkov}, A. and {Fiore}, F. and {Ichiki}, K. and {Illiev}, I.~T. and 
	{Inoue}, S. and {Jeli{\'c}}, V. and {Jones}, M. and {Lazio}, J. and 
	{Maio}, U. and {Majumdar}, S. and {Mack}, K.~J. and {Mesinger}, A. and 
	{Morales}, M.~F. and {Parsons}, A. and {Pen}, U.-L. and {Santos}, M. and 
	{Schneider}, R. and {Semelin}, B. and {de Souza}, R.~S. and 
	{Subrahmanyan}, R. and {Takeuchi}, T. and {Trott}, C. and {Vedantham}, H. and 
	{Wagg}, J. and {Webster}, R. and {Wyithe}, S.},
    title = "{The Cosmic Dawn and Epoch of Reionization with the Square Kilometre Array}",
  journal = {ArXiv e-prints},
archivePrefix = "arXiv",
   eprint = {1505.07568},
 keywords = {Astrophysics - Cosmology and Nongalactic Astrophysics},
     year = 2015,
    month = may,
   adsurl = {http://adsabs.harvard.edu/abs/2015arXiv150507568K},
  adsnote = {Provided by the SAO/NASA Astrophysics Data System}
}






@ARTICLE{Dillon:2015a,
   author = {{Dillon}, J.~S. and {Tegmark}, M. and {Liu}, A. and {Ewall-Wice}, A. and 
	{Hewitt}, J.~N. and {Morales}, M.~F. and {Neben}, A.~R. and 
	{Parsons}, A.~R. and {Zheng}, H.},
    title = "{Mapmaking for precision 21 cm cosmology}",
  journal = {\prd},
archivePrefix = "arXiv",
   eprint = {1410.0963},
 keywords = {Observation and data reduction techniques, computer modeling and simulation, Interferometry, Intergalactic matter, quasar absorption and emission-line systems, Lyman forest, Observational cosmology},
     year = 2015,
    month = jan,
   volume = 91,
   number = 2,
      eid = {023002},
    pages = {023002},
      doi = {10.1103/PhysRevD.91.023002},
   adsurl = {http://adsabs.harvard.edu/abs/2015PhRvD..91b3002D},
  adsnote = {Provided by the SAO/NASA Astrophysics Data System}
}


@ARTICLE{Dillon:2015b,
   author = {{Dillon}, J.~S. and {Neben}, A.~R. and {Hewitt}, J.~N. and {Tegmark}, M. and 
	{Barry}, N. and {Beardsley}, A.~P. and {Bowman}, J.~D. and {Briggs}, F. and 
	{Carroll}, P. and {de Oliveira-Costa}, A. and {Ewall-Wice}, A. and 
	{Feng}, L. and {Greenhill}, L.~J. and {Hazelton}, B.~J. and 
	{Hernquist}, L. and {Hurley-Walker}, N. and {Jacobs}, D.~C. and 
	{Kim}, H.~S. and {Kittiwisit}, P. and {Lenc}, E. and {Line}, J. and 
	{Loeb}, A. and {McKinley}, B. and {Mitchell}, D.~A. and {Morales}, M.~F. and 
	{Offringa}, A.~R. and {Paul}, S. and {Pindor}, B. and {Pober}, J.~C. and 
	{Procopio}, P. and {Riding}, J. and {Sethi}, S. and {Shankar}, N.~U. and 
	{Subrahmanyan}, R. and {Sullivan}, I. and {Thyagarajan}, N. and 
	{Tingay}, S.~J. and {Trott}, C. and {Wayth}, R.~B. and {Webster}, R.~L. and 
	{Wyithe}, S. and {Bernardi}, G. and {Cappallo}, R.~J. and {Deshpande}, A.~A. and 
	{Johnston-Hollitt}, M. and {Kaplan}, D.~L. and {Lonsdale}, C.~J. and 
	{McWhirter}, S.~R. and {Morgan}, E. and {Oberoi}, D. and {Ord}, S.~M. and 
	{Prabu}, T. and {Srivani}, K.~S. and {Williams}, A. and {Williams}, C.~L.
	},
    title = "{Empirical covariance modeling for 21 cm power spectrum estimation: A method demonstration and new limits from early Murchison Widefield Array 128-tile data}",
  journal = {\prd},
archivePrefix = "arXiv",
   eprint = {1506.01026},
 keywords = {Observation and data reduction techniques, computer modeling and simulation, Interferometry, Cosmology, Observational cosmology},
     year = 2015,
    month = jun,
   volume = 91,
   number = 12,
      eid = {123011},
    pages = {123011},
      doi = {10.1103/PhysRevD.91.123011},
   adsurl = {http://adsabs.harvard.edu/abs/2015PhRvD..91l3011D},
  adsnote = {Provided by the SAO/NASA Astrophysics Data System}
}

@ARTICLE{Jelic:2014,
   author = {{Jeli{\'c}}, V. and {de Bruyn}, A.~G. and {Mevius}, M. and {Abdalla}, F.~B. and 
	{Asad}, K.~M.~B. and {Bernardi}, G. and {Brentjens}, M.~A. and 
	{Bus}, S. and {Chapman}, E. and {Ciardi}, B. and {Daiboo}, S. and 
	{Fernandez}, E.~R. and {Ghosh}, A. and {Harker}, G. and {Jensen}, H. and 
	{Kazemi}, S. and {Koopmans}, L.~V.~E. and {Labropoulos}, P. and 
	{Martinez-Rubi}, O. and {Mellema}, G. and {Offringa}, A.~R. and 
	{Pandey}, V.~N. and {Patil}, A.~H. and {Thomas}, R.~M. and {Vedantham}, H.~K. and 
	{Veligatla}, V. and {Yatawatta}, S. and {Zaroubi}, S. and {Alexov}, A. and 
	{Anderson}, J. and {Avruch}, I.~M. and {Beck}, R. and {Bell}, M.~E. and 
	{Bentum}, M.~J. and {Best}, P. and {Bonafede}, A. and {Bregman}, J. and 
	{Breitling}, F. and {Broderick}, J. and {Brouw}, W.~N. and {Br{\"u}ggen}, M. and 
	{Butcher}, H.~R. and {Conway}, J.~E. and {de Gasperin}, F. and 
	{de Geus}, E. and {Deller}, A. and {Dettmar}, R.-J. and {Duscha}, S. and 
	{Eisl{\"o}ffel}, J. and {Engels}, D. and {Falcke}, H. and {Fallows}, R.~A. and 
	{Fender}, R. and {Ferrari}, C. and {Frieswijk}, W. and {Garrett}, M.~A. and 
	{Grie{\ss}meier}, J. and {Gunst}, A.~W. and {Hamaker}, J.~P. and 
	{Hassall}, T.~E. and {Haverkorn}, M. and {Heald}, G. and {Hessels}, J.~W.~T. and 
	{Hoeft}, M. and {H{\"o}randel}, J. and {Horneffer}, A. and {van der Horst}, A. and 
	{Iacobelli}, M. and {Juette}, E. and {Karastergiou}, A. and 
	{Kondratiev}, V.~I. and {Kramer}, M. and {Kuniyoshi}, M. and 
	{Kuper}, G. and {van Leeuwen}, J. and {Maat}, P. and {Mann}, G. and 
	{McKay-Bukowski}, D. and {McKean}, J.~P. and {Munk}, H. and 
	{Nelles}, A. and {Norden}, M.~J. and {Paas}, H. and {Pandey-Pommier}, M. and 
	{Pietka}, G. and {Pizzo}, R. and {Polatidis}, A.~G. and {Reich}, W. and 
	{R{\"o}ttgering}, H. and {Rowlinson}, A. and {Scaife}, A.~M.~M. and 
	{Schwarz}, D. and {Serylak}, M. and {Smirnov}, O. and {Steinmetz}, M. and 
	{Stewart}, A. and {Tagger}, M. and {Tang}, Y. and {Tasse}, C. and 
	{ter Veen}, S. and {Thoudam}, S. and {Toribio}, C. and {Vermeulen}, R. and 
	{Vocks}, C. and {van Weeren}, R.~J. and {Wijers}, R.~A.~M.~J. and 
	{Wijnholds}, S.~J. and {Wucknitz}, O. and {Zarka}, P.},
    title = "{Initial LOFAR observations of epoch of reionization windows. II. Diffuse polarized emission in the ELAIS-N1 field}",
  journal = {\aap},
archivePrefix = "arXiv",
   eprint = {1407.2093},
 keywords = {radio continuum: ISM, techniques: interferometric, techniques: polarimetric, cosmology: observations, diffuse radiation, dark ages, reionization, first stars},
     year = 2014,
    month = aug,
   volume = 568,
      eid = {A101},
    pages = {A101},
      doi = {10.1051/0004-6361/201423998},
   adsurl = {http://adsabs.harvard.edu/abs/2014A%26A...568A.101J},
  adsnote = {Provided by the SAO/NASA Astrophysics Data System}
}




@ARTICLE{Dillon:2014,
   author = {{Dillon}, J.~S. and {Liu}, A. and {Williams}, C.~L. and {Hewitt}, J.~N. and 
	{Tegmark}, M. and {Morgan}, E.~H. and {Levine}, A.~M. and {Morales}, M.~F. and 
	{Tingay}, S.~J. and {Bernardi}, G. and {Bowman}, J.~D. and {Briggs}, F.~H. and 
	{Cappallo}, R.~C. and {Emrich}, D. and {Mitchell}, D.~A. and 
	{Oberoi}, D. and {Prabu}, T. and {Wayth}, R. and {Webster}, R.~L.
	},
    title = "{Overcoming real-world obstacles in 21 cm power spectrum estimation: A method demonstration and results from early Murchison Widefield Array data}",
  journal = {\prd},
archivePrefix = "arXiv",
   eprint = {1304.4229},
 primaryClass = "astro-ph.CO",
 keywords = {Observation and data reduction techniques, computer modeling and simulation, Radio microwave, Cosmology, Observational cosmology},
     year = 2014,
    month = jan,
   volume = 89,
   number = 2,
      eid = {023002},
    pages = {023002},
      doi = {10.1103/PhysRevD.89.023002},
   adsurl = {http://adsabs.harvard.edu/abs/2014PhRvD..89b3002D},
  adsnote = {Provided by the SAO/NASA Astrophysics Data System}
}




@ARTICLE{Beardsley:2013,
   author = {{Beardsley}, A.~P. and {Hazelton}, B.~J. and {Morales}, M.~F. and 
	{Arcus}, W. and {Barnes}, D. and {Bernardi}, G. and {Bowman}, J.~D. and 
	{Briggs}, F.~H. and {Bunton}, J.~D. and {Cappallo}, R.~J. and 
	{Corey}, B.~E. and {Deshpande}, A. and {deSouza}, L. and {Emrich}, D. and 
	{Gaensler}, B.~M. and {Goeke}, R. and {Greenhill}, L.~J. and 
	{Herne}, D. and {Hewitt}, J.~N. and {Johnston-Hollitt}, M. and 
	{Kaplan}, D.~L. and {Kasper}, J.~C. and {Kincaid}, B.~B. and 
	{Koenig}, R. and {Kratzenberg}, E. and {Lonsdale}, C.~J. and 
	{Lynch}, M.~J. and {McWhirter}, S.~R. and {Mitchell}, D.~A. and 
	{Morgan}, E. and {Oberoi}, D. and {Ord}, S.~M. and {Pathikulangara}, J. and 
	{Prabu}, T. and {Remillard}, R.~A. and {Rogers}, A.~E.~E. and 
	{Roshi}, A. and {Salah}, J.~E. and {Sault}, R.~J. and {Udaya}, S.~N. and 
	{Srivani}, K.~S. and {Stevens}, J. and {Subrahmanyan}, R. and 
	{Tingay}, S.~J. and {Wayth}, R.~B. and {Waterson}, M. and {Webster}, R.~L. and 
	{Whitney}, A.~R. and {Williams}, A. and {Williams}, C.~L. and 
	{Wyithe}, J.~S.~B.},
    title = "{The EoR sensitivity of the Murchison Widefield Array}",
  journal = {\mnras},
archivePrefix = "arXiv",
   eprint = {1204.3111},
 primaryClass = "astro-ph.IM",
 keywords = {instrumentation: interferometers, cosmology: miscellaneous},
     year = 2013,
    month = feb,
   volume = 429,
    pages = {L5-L9},
      doi = {10.1093/mnrasl/sls013},
   adsurl = {http://adsabs.harvard.edu/abs/2013MNRAS.429L...5B},
  adsnote = {Provided by the SAO/NASA Astrophysics Data System}
}


@ARTICLE{Kassim:2007,
   author = {{Kassim}, N.~E. and {Lazio}, T.~J.~W. and {Erickson}, W.~C. and 
	{Perley}, R.~A. and {Cotton}, W.~D. and {Greisen}, E.~W. and 
	{Cohen}, A.~S. and {Hicks}, B. and {Schmitt}, H.~R. and {Katz}, D.
	},
    title = "{The 74 MHz System on the Very Large Array}",
  journal = {\apjs},
archivePrefix = "arXiv",
   eprint = {0704.3088},
 keywords = {Astrometry, Instrumentation: Interferometers, Techniques: High Anular Resolution, Techniques: Image Processing, Techniques: Interferometric},
     year = 2007,
    month = oct,
   volume = 172,
    pages = {686-719},
      doi = {10.1086/519022},
   adsurl = {http://adsabs.harvard.edu/abs/2007ApJS..172..686K},
  adsnote = {Provided by the SAO/NASA Astrophysics Data System}
}


@ARTICLE{Rogers:2008,
   author = {{Rogers}, A.~E.~E. and {Bowman}, J.~D.},
    title = "{Spectral Index of the Diffuse Radio Background Measured from 100 to 200 MHz}",
  journal = {\aj},
archivePrefix = "arXiv",
   eprint = {0806.2868},
 keywords = {Galaxy: general, radio continuum: general, techniques: spectroscopic},
     year = 2008,
    month = aug,
   volume = 136,
    pages = {641-648},
      doi = {10.1088/0004-6256/136/2/641},
   adsurl = {http://adsabs.harvard.edu/abs/2008AJ....136..641R},
  adsnote = {Provided by the SAO/NASA Astrophysics Data System}
}

@ARTICLE{Parsons:2014,
   author = {{Parsons}, A.~R. and {Liu}, A. and {Aguirre}, J.~E. and {Ali}, Z.~S. and 
	{Bradley}, R.~F. and {Carilli}, C.~L. and {DeBoer}, D.~R. and 
	{Dexter}, M.~R. and {Gugliucci}, N.~E. and {Jacobs}, D.~C. and 
	{Klima}, P. and {MacMahon}, D.~H.~E. and {Manley}, J.~R. and 
	{Moore}, D.~F. and {Pober}, J.~C. and {Stefan}, I.~I. and {Walbrugh}, W.~P.
	},
    title = "{New Limits on 21 cm Epoch of Reionization from PAPER-32 Consistent with an X-Ray Heated Intergalactic Medium at z = 7.7}",
  journal = {\apj},
archivePrefix = "arXiv",
   eprint = {1304.4991},
 keywords = {cosmology: observations, dark ages, reionization, first stars, early universe, instrumentation: interferometers, intergalactic medium, radio continuum: general},
     year = 2014,
    month = jun,
   volume = 788,
      eid = {106},
    pages = {106},
      doi = {10.1088/0004-637X/788/2/106},
   adsurl = {http://adsabs.harvard.edu/abs/2014ApJ...788..106P},
  adsnote = {Provided by the SAO/NASA Astrophysics Data System}
}


@ARTICLE{Morales:2010,
   author = {{Morales}, M.~F. and {Wyithe}, J.~S.~B.},
    title = "{Reionization and Cosmology with 21-cm Fluctuations}",
  journal = {\araa},
archivePrefix = "arXiv",
   eprint = {0910.3010},
     year = 2010,
    month = sep,
   volume = 48,
    pages = {127-171},
      doi = {10.1146/annurev-astro-081309-130936},
   adsurl = {http://adsabs.harvard.edu/abs/2010ARA%26A..48..127M},
  adsnote = {Provided by the SAO/NASA Astrophysics Data System}
}


@ARTICLE{Barkana:2001,
   author = {{Barkana}, R. and {Loeb}, A.},
    title = "{In the beginning: the first sources of light and the reionization of the universe}",
  journal = {\physrep},
   eprint = {astro-ph/0010468},
     year = 2001,
    month = jul,
   volume = 349,
    pages = {125-238},
      doi = {10.1016/S0370-1573(01)00019-9},
   adsurl = {http://adsabs.harvard.edu/abs/2001PhR...349..125B},
  adsnote = {Provided by the SAO/NASA Astrophysics Data System}
}

@ARTICLE{Jester:2009,
   author = {{Jester}, S. and {Falcke}, H.},
    title = "{Science with a lunar low-frequency array: From the dark ages of the Universe to nearby exoplanets}",
  journal = {\nar},
archivePrefix = "arXiv",
   eprint = {0902.0493},
 primaryClass = "astro-ph.CO",
 keywords = {Radio telescopes and instrumentation, heterodyne receivers, Astronomical catalogs atlases sky surveys databases retrieval systems archives etc., Neutrino muon pion and other elementary particles, cosmic rays, Cosmology},
     year = 2009,
    month = may,
   volume = 53,
    pages = {1-26},
      doi = {10.1016/j.newar.2009.02.001},
   adsurl = {http://adsabs.harvard.edu/abs/2009NewAR..53....1J},
  adsnote = {Provided by the SAO/NASA Astrophysics Data System}
}


@ARTICLE{Mineo:2012b,
   author = {{Mineo}, S. and {Gilfanov}, M. and {Sunyaev}, R.},
    title = "{X-ray emission from star-forming galaxies - II. Hot interstellarmedium}",
  journal = {\mnras},
archivePrefix = "arXiv",
   eprint = {1205.3715},
 primaryClass = "astro-ph.HE",
 keywords = {galaxies: star formation, X-rays: binaries, X-rays: galaxies, X-rays: ISM},
     year = 2012,
    month = nov,
   volume = 426,
    pages = {1870-1883},
      doi = {10.1111/j.1365-2966.2012.21831.x},
   adsurl = {http://adsabs.harvard.edu/abs/2012MNRAS.426.1870M},
  adsnote = {Provided by the SAO/NASA Astrophysics Data System}
}


@ARTICLE{Trott:2016,
   author = {{Trott}, C.~M. and {Pindor}, B. and {Procopio}, P. and {Wayth}, R.~B. and 
	{Mitchell}, D.~A. and {McKinley}, B. and {Tingay}, S.~J. and 
	{Barry}, N. and {Beardsley}, A.~P. and {Bernardi}, G. and {Bowman}, J.~D. and 
	{Briggs}, F. and {Cappallo}, R.~J. and {Carroll}, P. and {de Oliveira-Costa}, A. and 
	{Dillon}, J.~S. and {Ewall-Wice}, A. and {Feng}, L. and {Greenhill}, L.~J. and 
	{Hazelton}, B.~J. and {Hewitt}, J.~N. and {Hurley-Walker}, N. and 
	{Johnston-Hollitt}, M. and {Jacobs}, D.~C. and {Kaplan}, D.~L. and 
	{Kim}, H.~S. and {Lenc}, E. and {Line}, J. and {Loeb}, A. and 
	{Lonsdale}, C.~J. and {Morales}, M.~F. and {Morgan}, E. and 
	{Neben}, A.~R. and {Thyagarajan}, N. and {Oberoi}, D. and {Offringa}, A.~R. and 
	{Ord}, S.~M. and {Paul}, S. and {Pober}, J.~C. and {Prabu}, T. and 
	{Riding}, J. and {Udaya Shankar}, N. and {Sethi}, S.~K. and 
	{Srivani}, K.~S. and {Subrahmanyan}, R. and {Sullivan}, I.~S. and 
	{Tegmark}, M. and {Webster}, R.~L. and {Williams}, A. and {Williams}, C.~L. and 
	{Wu}, C. and {Wyithe}, J.~S.~B.},
    title = "{CHIPS: The Cosmological H i Power Spectrum Estimator}",
  journal = {\apj},
archivePrefix = "arXiv",
   eprint = {1601.02073},
 primaryClass = "astro-ph.IM",
 keywords = {Astronomical instrumentation, methods and techniques, early universe, methods: statistical, techniques: interferometric},
     year = 2016,
    month = feb,
   volume = 818,
      eid = {139},
    pages = {139},
      doi = {10.3847/0004-637X/818/2/139},
   adsurl = {http://adsabs.harvard.edu/abs/2016ApJ...818..139T},
  adsnote = {Provided by the SAO/NASA Astrophysics Data System}
}


@ARTICLE{Trott:2016b,
   author = {{Trott}, C.~M. and {Wayth}, R.~B.},
    title = "{Spectral Calibration Requirements of Radio Interferometers for Epoch of Reionisation Science with the SKA}",
  journal = {\pasa},
archivePrefix = "arXiv",
   eprint = {1604.03273},
 primaryClass = "astro-ph.IM",
 keywords = {(cosmology:) dark ages, reionization, first stars, techniques: interferometric, instrumentation: interferometers},
     year = 2016,
    month = may,
   volume = 33,
      eid = {e019},
    pages = {e019},
      doi = {10.1017/pasa.2016.18},
   adsurl = {http://adsabs.harvard.edu/abs/2016PASA...33...19T},
  adsnote = {Provided by the SAO/NASA Astrophysics Data System}
}


@ARTICLE{Mineo:2012a,
   author = {{Mineo}, S. and {Gilfanov}, M. and {Sunyaev}, R.},
    title = "{X-ray emission from star-forming galaxies - I. High-mass X-ray binaries}",
  journal = {\mnras},
archivePrefix = "arXiv",
   eprint = {1105.4610},
 primaryClass = "astro-ph.HE",
 keywords = {stars: formation, galaxies: irregular, galaxies: spiral, galaxies: starburst, X-rays: binaries, X-rays: galaxies},
     year = 2012,
    month = jan,
   volume = 419,
    pages = {2095-2115},
      doi = {10.1111/j.1365-2966.2011.19862.x},
   adsurl = {http://adsabs.harvard.edu/abs/2012MNRAS.419.2095M},
  adsnote = {Provided by the SAO/NASA Astrophysics Data System}
}

@ARTICLE{Trott:2012,
   author = {{Trott}, C.~M. and {Wayth}, R.~B. and {Tingay}, S.~J.},
    title = "{The Impact of Point-source Subtraction Residuals on 21 cm Epoch of Reionization Estimation}",
  journal = {\apj},
archivePrefix = "arXiv",
   eprint = {1208.0646},
 keywords = {early universe, methods: analytical, techniques: interferometric},
     year = 2012,
    month = sep,
   volume = 757,
      eid = {101},
    pages = {101},
      doi = {10.1088/0004-637X/757/1/101},
   adsurl = {http://adsabs.harvard.edu/abs/2012ApJ...757..101T},
  adsnote = {Provided by the SAO/NASA Astrophysics Data System}
}

@ARTICLE{Liu:2014a,
   author = {{Liu}, A. and {Parsons}, A.~R. and {Trott}, C.~M.},
    title = "{Epoch of reionization window. I. Mathematical formalism}",
  journal = {\prd},
archivePrefix = "arXiv",
   eprint = {1404.2596},
 keywords = {Observation and data reduction techniques, computer modeling and simulation, Mathematical procedures and computer techniques, Cosmology, Observational cosmology},
     year = 2014,
    month = jul,
   volume = 90,
   number = 2,
      eid = {023018},
    pages = {023018},
      doi = {10.1103/PhysRevD.90.023018},
   adsurl = {http://adsabs.harvard.edu/abs/2014PhRvD..90b3018L},
  adsnote = {Provided by the SAO/NASA Astrophysics Data System}
}

@ARTICLE{Liu:2014b,
   author = {{Liu}, A. and {Parsons}, A.~R. and {Trott}, C.~M.},
    title = "{Epoch of reionization window. II. Statistical methods for foreground wedge reduction}",
  journal = {\prd},
archivePrefix = "arXiv",
   eprint = {1404.4372},
 keywords = {Observation and data reduction techniques, computer modeling and simulation, Mathematical procedures and computer techniques, Cosmology, Observational cosmology},
     year = 2014,
    month = jul,
   volume = 90,
   number = 2,
      eid = {023019},
    pages = {023019},
      doi = {10.1103/PhysRevD.90.023019},
   adsurl = {http://adsabs.harvard.edu/abs/2014PhRvD..90b3019L},
  adsnote = {Provided by the SAO/NASA Astrophysics Data System}
}



@INPROCEEDINGS{Cornwell:1999:SelfCal,
   author = {{Cornwell}, T. and {Fomalont}, E.~B.},
    title = "{Self-Calibration}",
booktitle = {Synthesis Imaging in Radio Astronomy II},
     year = 1999,
   series = {Astronomical Society of the Pacific Conference Series},
   volume = 180,
   editor = {{Taylor}, G.~B. and {Carilli}, C.~L. and {Perley}, R.~A.},
    pages = {187},
   adsurl = {http://adsabs.harvard.edu/abs/1999ASPC..180..187C},
  adsnote = {Provided by the SAO/NASA Astrophysics Data System}
}


@ARTICLE{Prabu:2015,
   author = {{Prabu}, T. and {Srivani}, K.~S. and {Roshi}, D.~A. and {Kamini}, P.~A. and 
	{Madhavi}, S. and {Emrich}, D. and {Crosse}, B. and {Williams}, A.~J. and 
	{Waterson}, M. and {Deshpande}, A.~A. and {Shankar}, N.~U. and 
	{Subrahmanyan}, R. and {Briggs}, F.~H. and {Goeke}, R.~F. and 
	{Tingay}, S.~J. and {Johnston-Hollitt}, M. and {R}, G.~M. and 
	{Morgan}, E.~H. and {Pathikulangara}, J. and {Bunton}, J.~D. and 
	{Hampson}, G. and {Williams}, C. and {Ord}, S.~M. and {Wayth}, R.~B. and 
	{Kumar}, D. and {Morales}, M.~F. and {deSouza}, L. and {Kratzenberg}, E. and 
	{Pallot}, D. and {McWhirter}, R. and {Hazelton}, B.~J. and {Arcus}, W. and 
	{Barnes}, D.~G. and {Bernardi}, G. and {Booler}, T. and {Bowman}, J.~D. and 
	{Cappallo}, R.~J. and {Corey}, B.~E. and {Greenhill}, L.~J. and 
	{Herne}, D. and {Hewitt}, J.~N. and {Kaplan}, D.~L. and {Kasper}, J.~C. and 
	{Kincaid}, B.~B. and {Koenig}, R. and {Lonsdale}, C.~J. and 
	{Lynch}, M.~J. and {Mitchell}, D.~A. and {Oberoi}, D. and {Remillard}, R.~A. and 
	{Rogers}, A.~E. and {Salah}, J.~E. and {Sault}, R.~J. and {Stevens}, J.~B. and 
	{Tremblay}, S. and {Webster}, R.~L. and {Whitney}, A.~R. and 
	{Wyithe}, S.~B.},
    title = "{A digital-receiver for the MurchisonWidefield Array}",
  journal = {Experimental Astronomy},
archivePrefix = "arXiv",
   eprint = {1502.05015},
 primaryClass = "astro-ph.IM",
 keywords = {ADC, Channelizer, Digital-receiver, FPGA, MWA, MRO, PFB, Radio astronomy instrumentation, Radio telescope, SKA},
     year = 2015,
    month = mar,
   volume = 39,
    pages = {73-93},
      doi = {10.1007/s10686-015-9444-3},
   adsurl = {http://adsabs.harvard.edu/abs/2015ExA....39...73P},
  adsnote = {Provided by the SAO/NASA Astrophysics Data System}
}




@ARTICLE{Mirabel:2011,
   author = {{Mirabel}, I.~F. and {Dijkstra}, M. and {Laurent}, P. and {Loeb}, A. and 
	{Pritchard}, J.~R.},
    title = "{Stellar black holes at the dawn of the universe}",
  journal = {\aap},
archivePrefix = "arXiv",
   eprint = {1102.1891},
 keywords = {X-rays: binaries, black hole physics, dark ages, reionization, first stars, cosmology: miscellaneous, intergalactic medium},
     year = 2011,
    month = apr,
   volume = 528,
      eid = {A149},
    pages = {A149},
      doi = {10.1051/0004-6361/201016357},
   adsurl = {http://adsabs.harvard.edu/abs/2011A%26A...528A.149M},
  adsnote = {Provided by the SAO/NASA Astrophysics Data System}
}


@ARTICLE{Valdes:2013,
   author = {{Vald{\'e}s}, M. and {Evoli}, C. and {Mesinger}, A. and {Ferrara}, A. and 
	{Yoshida}, N.},
    title = "{The nature of dark matter from the global high-redshift H I 21 cm signal}",
  journal = {\mnras},
archivePrefix = "arXiv",
   eprint = {1209.2120},
 primaryClass = "astro-ph.CO",
 keywords = {intergalactic medium, cosmology: theory, dark matter, diffuse radiation},
     year = 2013,
    month = feb,
   volume = 429,
    pages = {1705-1716},
      doi = {10.1093/mnras/sts458},
   adsurl = {http://adsabs.harvard.edu/abs/2013MNRAS.429.1705V},
  adsnote = {Provided by the SAO/NASA Astrophysics Data System}
}


@ARTICLE{Sitwell:2014,
   author = {{Sitwell}, M. and {Mesinger}, A. and {Ma}, Y.-Z. and {Sigurdson}, K.
	},
    title = "{The imprint of warm dark matter on the cosmological 21-cm signal}",
  journal = {\mnras},
archivePrefix = "arXiv",
   eprint = {1310.0029},
 keywords = {cosmology: theory, dark matter, large-scale structure of Universe},
     year = 2014,
    month = mar,
   volume = 438,
    pages = {2664-2671},
      doi = {10.1093/mnras/stt2392},
   adsurl = {http://adsabs.harvard.edu/abs/2014MNRAS.438.2664S},
  adsnote = {Provided by the SAO/NASA Astrophysics Data System}
}


@ARTICLE{Ord:2015,
   author = {{Ord}, S.~M. and {Crosse}, B. and {Emrich}, D. and {Pallot}, D. and 
	{Wayth}, R.~B. and {Clark}, M.~A. and {Tremblay}, S.~E. and 
	{Arcus}, W. and {Barnes}, D. and {Bell}, M. and {Bernardi}, G. and 
	{Bhat}, N.~D.~R. and {Bowman}, J.~D. and {Briggs}, F. and {Bunton}, J.~D. and 
	{Cappallo}, R.~J. and {Corey}, B.~E. and {Deshpande}, A.~A. and 
	{deSouza}, L. and {Ewell-Wice}, A. and {Feng}, L. and {Goeke}, R. and 
	{Greenhill}, L.~J. and {Hazelton}, B.~J. and {Herne}, D. and 
	{Hewitt}, J.~N. and {Hindson}, L. and {Hurley-Walker}, N. and 
	{Jacobs}, D. and {Johnston-Hollitt}, M. and {Kaplan}, D.~L. and 
	{Kasper}, J.~C. and {Kincaid}, B.~B. and {Koenig}, R. and {Kratzenberg}, E. and 
	{Kudryavtseva}, N. and {Lenc}, E. and {Lonsdale}, C.~J. and 
	{Lynch}, M.~J. and {McKinley}, B. and {McWhirter}, S.~R. and 
	{Mitchell}, D.~A. and {Morales}, M.~F. and {Morgan}, E. and 
	{Oberoi}, D. and {Offringa}, A. and {Pathikulangara}, J. and 
	{Pindor}, B. and {Prabu}, T. and {Procopio}, P. and {Remillard}, R.~A. and 
	{Riding}, J. and {Rogers}, A.~E.~E. and {Roshi}, A. and {Salah}, J.~E. and 
	{Sault}, R.~J. and {Udaya Shankar}, N. and {Srivani}, K.~S. and 
	{Stevens}, J. and {Subrahmanyan}, R. and {Tingay}, S.~J. and 
	{Waterson}, M. and {Webster}, R.~L. and {Whitney}, A.~R. and 
	{Williams}, A. and {Williams}, C.~L. and {Wyithe}, J.~S.~B.},
    title = "{The Murchison Widefield Array Correlator}",
  journal = {\pasa},
archivePrefix = "arXiv",
   eprint = {1501.05992},
 primaryClass = "astro-ph.IM",
 keywords = {instrumentation: interferometers, techniques: interferometric},
     year = 2015,
    month = mar,
   volume = 32,
      eid = {e006},
    pages = {6},
      doi = {10.1017/pasa.2015.5},
   adsurl = {http://adsabs.harvard.edu/abs/2015PASA...32....6O},
  adsnote = {Provided by the SAO/NASA Astrophysics Data System}
}



@ARTICLE{Lonsdale:2009,
   author = {{Lonsdale}, C.~J. and {Cappallo}, R.~J. and {Morales}, M.~F. and 
	{Briggs}, F.~H. and {Benkevitch}, L. and {Bowman}, J.~D. and 
	{Bunton}, J.~D. and {Burns}, S. and {Corey}, B.~E. and {Desouza}, L. and 
	{Doeleman}, S.~S. and {Derome}, M. and {Deshpande}, A. and {Gopala}, M.~R. and 
	{Greenhill}, L.~J. and {Herne}, D.~E. and {Hewitt}, J.~N. and 
	{Kamini}, P.~A. and {Kasper}, J.~C. and {Kincaid}, B.~B. and 
	{Kocz}, J. and {Kowald}, E. and {Kratzenberg}, E. and {Kumar}, D. and 
	{Lynch}, M.~J. and {Madhavi}, S. and {Matejek}, M. and {Mitchell}, D.~A. and 
	{Morgan}, E. and {Oberoi}, D. and {Ord}, S. and {Pathikulangara}, J. and 
	{Prabu}, T. and {Rogers}, A. and {Roshi}, A. and {Salah}, J.~E. and 
	{Sault}, R.~J. and {Shankar}, N.~U. and {Srivani}, K.~S. and 
	{Stevens}, J. and {Tingay}, S. and {Vaccarella}, A. and {Waterson}, M. and 
	{Wayth}, R.~B. and {Webster}, R.~L. and {Whitney}, A.~R. and 
	{Williams}, A. and {Williams}, C.},
    title = "{The Murchison Widefield Array: Design Overview}",
  journal = {IEEE Proceedings},
archivePrefix = "arXiv",
   eprint = {0903.1828},
 primaryClass = "astro-ph.IM",
     year = 2009,
    month = aug,
   volume = 97,
    pages = {1497-1506},
      doi = {10.1109/JPROC.2009.2017564},
   adsurl = {http://adsabs.harvard.edu/abs/2009IEEEP..97.1497L},
  adsnote = {Provided by the SAO/NASA Astrophysics Data System}
}



@ARTICLE{Wayth:2015,
   author = {{Wayth}, R.~B. and {Lenc}, E. and {Bell}, M.~E. and {Callingham}, J.~R. and 
	{Dwarakanath}, K.~S. and {Franzen}, T.~M.~O. and {For}, B.-Q. and 
	{Gaensler}, B. and {Hancock}, P. and {Hindson}, L. and {Hurley-Walker}, N. and 
	{Jackson}, C.~A. and {Johnston-Hollitt}, M. and {Kapi{\'n}ska}, A.~D. and 
	{McKinley}, B. and {Morgan}, J. and {Offringa}, A.~R. and {Procopio}, P. and 
	{Staveley-Smith}, L. and {Wu}, C. and {Zheng}, Q. and {Trott}, C.~M. and 
	{Bernardi}, G. and {Bowman}, J.~D. and {Briggs}, F. and {Cappallo}, R.~J. and 
	{Corey}, B.~E. and {Deshpande}, A.~A. and {Emrich}, D. and {Goeke}, R. and 
	{Greenhill}, L.~J. and {Hazelton}, B.~J. and {Kaplan}, D.~L. and 
	{Kasper}, J.~C. and {Kratzenberg}, E. and {Lonsdale}, C.~J. and 
	{Lynch}, M.~J. and {McWhirter}, S.~R. and {Mitchell}, D.~A. and 
	{Morales}, M.~F. and {Morgan}, E. and {Oberoi}, D. and {Ord}, S.~M. and 
	{Prabu}, T. and {Rogers}, A.~E.~E. and {Roshi}, A. and {Shankar}, N.~U. and 
	{Srivani}, K.~S. and {Subrahmanyan}, R. and {Tingay}, S.~J. and 
	{Waterson}, M. and {Webster}, R.~L. and {Whitney}, A.~R. and 
	{Williams}, A. and {Williams}, C.~L.},
    title = "{GLEAM: The GaLactic and Extragalactic All-Sky MWA Survey}",
  journal = {\pasa},
archivePrefix = "arXiv",
   eprint = {1505.06041},
 primaryClass = "astro-ph.IM",
 keywords = {Galaxy: general, radio continuum: general, radio lines: general, surveys},
     year = 2015,
    month = jun,
   volume = 32,
      eid = {e025},
    pages = {25},
      doi = {10.1017/pasa.2015.26},
   adsurl = {http://adsabs.harvard.edu/abs/2015PASA...32...25W},
  adsnote = {Provided by the SAO/NASA Astrophysics Data System}
}



@ARTICLE{Tremblay:2015,
   author = {{Tremblay}, S.~E. and {Ord}, S.~M. and {Bhat}, N.~D.~R. and 
	{Tingay}, S.~J. and {Crosse}, B. and {Pallot}, D. and {Oronsaye}, S.~I. and 
	{Bernardi}, G. and {Bowman}, J.~D. and {Briggs}, F. and {Cappallo}, R.~J. and 
	{Corey}, B.~E. and {Deshpande}, A.~A. and {Emrich}, D. and {Goeke}, R. and 
	{Greenhill}, L.~J. and {Hazelton}, B.~J. and {Johnston-Hollitt}, M. and 
	{Kaplan}, D.~L. and {Kasper}, J.~C. and {Kratzenberg}, E. and 
	{Lonsdale}, C.~J. and {Lynch}, M.~J. and {McWhirter}, S.~R. and 
	{Mitchell}, D.~A. and {Morales}, M.~F. and {Morgan}, E. and 
	{Oberoi}, D. and {Prabu}, T. and {Rogers}, A.~E.~E. and {Roshi}, A. and 
	{Udaya Shankar}, N. and {Srivani}, K.~S. and {Subrahmanyan}, R. and 
	{Waterson}, M. and {Wayth}, R.~B. and {Webster}, R.~L. and {Whitney}, A.~R. and 
	{Williams}, A. and {Williams}, C.~L.},
    title = "{The High Time and Frequency Resolution Capabilities of the Murchison Widefield Array}",
  journal = {\pasa},
archivePrefix = "arXiv",
   eprint = {1501.05723},
 primaryClass = "astro-ph.IM",
 keywords = {instrumentation: interferometers, pulsars: general, radio continuum: general, Sun: radio radiation, techniques: radar astronomy},
     year = 2015,
    month = feb,
   volume = 32,
      eid = {e005},
    pages = {5},
      doi = {10.1017/pasa.2015.6},
   adsurl = {http://adsabs.harvard.edu/abs/2015PASA...32....5T},
  adsnote = {Provided by the SAO/NASA Astrophysics Data System}
}


@ARTICLE{Tingay:2013b,
   author = {{Tingay}, S.~J. and {Oberoi}, D. and {Cairns}, I. and {Donea}, A. and 
	{Duffin}, R. and {Arcus}, W. and {Bernardi}, G. and {Bowman}, J.~D. and 
	{Briggs}, F. and {Bunton}, J.~D. and {Cappallo}, R.~J. and {Corey}, B.~E. and 
	{Deshpande}, A. and {deSouza}, L. and {Emrich}, D. and {Gaensler}, B.~M. and 
	{R}, G. and {Greenhill}, L.~J. and {Hazelton}, B.~J. and {Herne}, D. and 
	{Hewitt}, J.~N. and {Johnston-Hollitt}, M. and {Kaplan}, D.~L. and 
	{Kasper}, J.~C. and {Kennewell}, J.~A. and {Kincaid}, B.~B. and 
	{Koenig}, R. and {Kratzenberg}, E. and {Lonsdale}, C.~J. and 
	{Lynch}, M.~J. and {McWhirter}, S.~R. and {Mitchell}, D.~A. and 
	{Morales}, M.~F. and {Morgan}, E. and {Ord}, S.~M. and {Pathikulangara}, J. and 
	{Prabu}, T. and {Remillard}, R.~A. and {Rogers}, A.~E.~E. and 
	{Roshi}, A. and {Salah}, J.~E. and {Sault}, R.~J. and {Udaya-Shankar}, N. and 
	{Srivani}, K.~S. and {Stevens}, J. and {Subrahmanyan}, R. and 
	{Waterson}, M. and {Wayth}, R.~B. and {Webster}, R.~L. and {Whitney}, A.~R. and 
	{Williams}, A. and {Williams}, C.~L. and {Wyithe}, J.~S.~B.},
    title = "{The Murchison Widefield Array: solar science with the low frequency SKA Precursor}",
  journal = {Journal of Physics Conference Series},
archivePrefix = "arXiv",
   eprint = {1301.6414},
 primaryClass = "astro-ph.IM",
     year = 2013,
    month = jun,
   volume = 440,
   number = 1,
      eid = {012033},
    pages = {012033},
      doi = {10.1088/1742-6596/440/1/012033},
   adsurl = {http://adsabs.harvard.edu/abs/2013JPhCS.440a2033T},
  adsnote = {Provided by the SAO/NASA Astrophysics Data System}
}


@ARTICLE{Carilli:2002,
   author = {{Carilli}, C.~L. and {Gnedin}, N.~Y. and {Owen}, F.},
    title = "{H I 21 Centimeter Absorption beyond the Epoch of Reionization}",
  journal = {\apj},
   eprint = {astro-ph/0205169},
 keywords = {Galaxies: Active, Galaxies: High-Redshift, Galaxies: Intergalactic Medium, Cosmology: Large-Scale Structure of Universe, Radio Lines: Galaxies},
     year = 2002,
    month = sep,
   volume = 577,
    pages = {22-30},
      doi = {10.1086/342179},
   adsurl = {http://adsabs.harvard.edu/abs/2002ApJ...577...22C},
  adsnote = {Provided by the SAO/NASA Astrophysics Data System}
}



@ARTICLE{Thyagarajan:2015a,
   author = {{Thyagarajan}, N. and {Jacobs}, D.~C. and {Bowman}, J.~D. and 
	{Barry}, N. and {Beardsley}, A.~P. and {Bernardi}, G. and {Briggs}, F. and 
	{Cappallo}, R.~J. and {Carroll}, P. and {Corey}, B.~E. and {de Oliveira-Costa}, A. and 
	{Dillon}, J.~S. and {Emrich}, D. and {Ewall-Wice}, A. and {Feng}, L. and 
	{Goeke}, R. and {Greenhill}, L.~J. and {Hazelton}, B.~J. and 
	{Hewitt}, J.~N. and {Hurley-Walker}, N. and {Johnston-Hollitt}, M. and 
	{Kaplan}, D.~L. and {Kasper}, J.~C. and {Kim}, H.-S. and {Kittiwisit}, P. and 
	{Kratzenberg}, E. and {Lenc}, E. and {Line}, J. and {Loeb}, A. and 
	{Lonsdale}, C.~J. and {Lynch}, M.~J. and {McKinley}, B. and 
	{McWhirter}, S.~R. and {Mitchell}, D.~A. and {Morales}, M.~F. and 
	{Morgan}, E. and {Neben}, A.~R. and {Oberoi}, D. and {Offringa}, A.~R. and 
	{Ord}, S.~M. and {Paul}, S. and {Pindor}, B. and {Pober}, J.~C. and 
	{Prabu}, T. and {Procopio}, P. and {Riding}, J. and {Rogers}, A.~E.~E. and 
	{Roshi}, A. and {Udaya Shankar}, N. and {Sethi}, S.~K. and {Srivani}, K.~S. and 
	{Subrahmanyan}, R. and {Sullivan}, I.~S. and {Tegmark}, M. and 
	{Tingay}, S.~J. and {Trott}, C.~M. and {Waterson}, M. and {Wayth}, R.~B. and 
	{Webster}, R.~L. and {Whitney}, A.~R. and {Williams}, A. and 
	{Williams}, C.~L. and {Wu}, C. and {Wyithe}, J.~S.~B.},
    title = "{Foregrounds in Wide-field Redshifted 21 cm Power Spectra}",
  journal = {\apj},
archivePrefix = "arXiv",
   eprint = {1502.07596},
 primaryClass = "astro-ph.IM",
 keywords = {cosmology: observations, dark ages, reionization, first stars, large-scale structure of universe, methods: statistical, radio continuum: galaxies, techniques: interferometric},
     year = 2015,
    month = may,
   volume = 804,
      eid = {14},
    pages = {14},
      doi = {10.1088/0004-637X/804/1/14},
   adsurl = {http://adsabs.harvard.edu/abs/2015ApJ...804...14T},
  adsnote = {Provided by the SAO/NASA Astrophysics Data System}
}

@ARTICLE{Thyagarajan:2015b,
   author = {{Thyagarajan}, N. and {Jacobs}, D.~C. and {Bowman}, J.~D. and 
	{Barry}, N. and {Beardsley}, A.~P. and {Bernardi}, G. and {Briggs}, F. and 
	{Cappallo}, R.~J. and {Carroll}, P. and {Deshpande}, A.~A. and 
	{de Oliveira-Costa}, A. and {Dillon}, J.~S. and {Ewall-Wice}, A. and 
	{Feng}, L. and {Greenhill}, L.~J. and {Hazelton}, B.~J. and 
	{Hernquist}, L. and {Hewitt}, J.~N. and {Hurley-Walker}, N. and 
	{Johnston-Hollitt}, M. and {Kaplan}, D.~L. and {Kim}, H.-S. and 
	{Kittiwisit}, P. and {Lenc}, E. and {Line}, J. and {Loeb}, A. and 
	{Lonsdale}, C.~J. and {McKinley}, B. and {McWhirter}, S.~R. and 
	{Mitchell}, D.~A. and {Morales}, M.~F. and {Morgan}, E. and 
	{Neben}, A.~R. and {Oberoi}, D. and {Offringa}, A.~R. and {Ord}, S.~M. and 
	{Paul}, S. and {Pindor}, B. and {Pober}, J.~C. and {Prabu}, T. and 
	{Procopio}, P. and {Riding}, J. and {Udaya Shankar}, N. and 
	{Sethi}, S.~K. and {Srivani}, K.~S. and {Subrahmanyan}, R. and 
	{Sullivan}, I.~S. and {Tegmark}, M. and {Tingay}, S.~J. and 
	{Trott}, C.~M. and {Wayth}, R.~B. and {Webster}, R.~L. and {Williams}, A. and 
	{Williams}, C.~L. and {Wyithe}, J.~S.~B.},
    title = "{Confirmation of Wide-field Signatures in Redshifted 21 cm Power Spectra}",
  journal = {\apjl},
archivePrefix = "arXiv",
   eprint = {1506.06150},
 keywords = {cosmology: observations, dark ages, reionization, first stars, large-scale structure of universe, methods: statistical, radio continuum: galaxies, techniques: interferometric},
     year = 2015,
    month = jul,
   volume = 807,
      eid = {L28},
    pages = {L28},
      doi = {10.1088/2041-8205/807/2/L28},
   adsurl = {http://adsabs.harvard.edu/abs/2015ApJ...807L..28T},
  adsnote = {Provided by the SAO/NASA Astrophysics Data System}
}

@ARTICLE{Bowman:2013,
   author = {{Bowman}, J.~D. and {Cairns}, I. and {Kaplan}, D.~L. and {Murphy}, T. and 
	{Oberoi}, D. and {Staveley-Smith}, L. and {Arcus}, W. and {Barnes}, D.~G. and 
	{Bernardi}, G. and {Briggs}, F.~H. and {Brown}, S. and {Bunton}, J.~D. and 
	{Burgasser}, A.~J. and {Cappallo}, R.~J. and {Chatterjee}, S. and 
	{Corey}, B.~E. and {Coster}, A. and {Deshpande}, A. and {deSouza}, L. and 
	{Emrich}, D. and {Erickson}, P. and {Goeke}, R.~F. and {Gaensler}, B.~M. and 
	{Greenhill}, L.~J. and {Harvey-Smith}, L. and {Hazelton}, B.~J. and 
	{Herne}, D. and {Hewitt}, J.~N. and {Johnston-Hollitt}, M. and 
	{Kasper}, J.~C. and {Kincaid}, B.~B. and {Koenig}, R. and {Kratzenberg}, E. and 
	{Lonsdale}, C.~J. and {Lynch}, M.~J. and {Matthews}, L.~D. and 
	{McWhirter}, S.~R. and {Mitchell}, D.~A. and {Morales}, M.~F. and 
	{Morgan}, E.~H. and {Ord}, S.~M. and {Pathikulangara}, J. and 
	{Prabu}, T. and {Remillard}, R.~A. and {Robishaw}, T. and {Rogers}, A.~E.~E. and 
	{Roshi}, A.~A. and {Salah}, J.~E. and {Sault}, R.~J. and {Shankar}, N.~U. and 
	{Srivani}, K.~S. and {Stevens}, J.~B. and {Subrahmanyan}, R. and 
	{Tingay}, S.~J. and {Wayth}, R.~B. and {Waterson}, M. and {Webster}, R.~L. and 
	{Whitney}, A.~R. and {Williams}, A.~J. and {Williams}, C.~L. and 
	{Wyithe}, J.~S.~B.},
    title = "{Science with the Murchison Widefield Array}",
  journal = {\pasa},
archivePrefix = "arXiv",
   eprint = {1212.5151},
 primaryClass = "astro-ph.IM",
 keywords = {dark ages, reionisation, first stars, instrumentation: interferometers, radio continuum: general, radio lines: general, Sun: general},
     year = 2013,
    month = apr,
   volume = 30,
      eid = {e031},
    pages = {31},
      doi = {10.1017/pas.2013.009},
   adsurl = {http://adsabs.harvard.edu/abs/2013PASA...30...31B},
  adsnote = {Provided by the SAO/NASA Astrophysics Data System}
}



@ARTICLE{Kassim:1993,
   author = {{Kassim}, N.~E. and {Perley}, R.~A. and {Erickson}, W.~C. and 
	{Dwarakanath}, K.~S.},
    title = "{Subarcminute resolution imaging of radio sources at 74 MHz with the Very Large Array}",
  journal = {\aj},
 keywords = {Angular Resolution, Dipole Antennas, Radio Sources (Astronomy), Very Large Array (Vla), Amplifiers, Calibrating, Interferometers, Radio Astronomy},
     year = 1993,
    month = dec,
   volume = 106,
    pages = {2218-2228},
      doi = {10.1086/116795},
   adsurl = {http://adsabs.harvard.edu/abs/1993AJ....106.2218K},
  adsnote = {Provided by the SAO/NASA Astrophysics Data System}
}


@ARTICLE{Voytek:2014,
   author = {{Voytek}, T.~C. and {Natarajan}, A. and {J{\'a}uregui Garc{\'{\i}}a}, J.~M. and 
	{Peterson}, J.~B. and {L{\'o}pez-Cruz}, O.},
    title = "{Probing the Dark Ages at z \~{} 20: The SCI-HI 21 cm All-sky Spectrum Experiment}",
  journal = {\apjl},
archivePrefix = "arXiv",
   eprint = {1311.0014},
 keywords = {cosmology: observations, dark ages, reionization, first stars, methods: observational, radio continuum: general},
     year = 2014,
    month = feb,
   volume = 782,
      eid = {L9},
    pages = {L9},
      doi = {10.1088/2041-8205/782/1/L9},
   adsurl = {http://adsabs.harvard.edu/abs/2014ApJ...782L...9V},
  adsnote = {Provided by the SAO/NASA Astrophysics Data System}
}

@ARTICLE{Ellingson:2013,
   author = {{Ellingson}, S.~W. and {Taylor}, G.~B. and {Craig}, J. and {Hartman}, J. and 
	{Dowell}, J. and {Wolfe}, C.~N. and {Clarke}, T.~E. and {Hicks}, B.~C. and 
	{Kassim}, N.~E. and {Ray}, P.~S. and {Rickard}, L.~J. and {Schinzel}, F.~K. and 
	{Weiler}, K.~W.},
    title = "{The LWA1 Radio Telescope}",
  journal = {IEEE Transactions on Antennas and Propagation},
archivePrefix = "arXiv",
   eprint = {1204.4816},
 primaryClass = "astro-ph.IM",
     year = 2013,
    month = may,
   volume = 61,
    pages = {2540-2549},
      doi = {10.1109/TAP.2013.2242826},
   adsurl = {http://adsabs.harvard.edu/abs/2013ITAP...61.2540E},
  adsnote = {Provided by the SAO/NASA Astrophysics Data System}
}


@ARTICLE{Greenhill:2012,
   author = {{Greenhill}, L.~J. and {Bernardi}, G.},
    title = "{HI Epoch of Reionization Arrays}",
  journal = {ArXiv e-prints},
archivePrefix = "arXiv",
   eprint = {1201.1700},
 primaryClass = "astro-ph.CO",
 keywords = {Astrophysics - Cosmology and Extragalactic Astrophysics, Astrophysics - Instrumentation and Methods for Astrophysics},
     year = 2012,
    month = jan,
   adsurl = {http://adsabs.harvard.edu/abs/2012arXiv1201.1700G},
  adsnote = {Provided by the SAO/NASA Astrophysics Data System}
}

@ARTICLE{Burns:2012,
   author = {{Burns}, J.~O. and {Lazio}, J. and {Bale}, S. and {Bowman}, J. and 
	{Bradley}, R. and {Carilli}, C. and {Furlanetto}, S. and {Harker}, G. and 
	{Loeb}, A. and {Pritchard}, J.},
    title = "{Probing the first stars and black holes in the early Universe with the Dark Ages Radio Explorer (DARE)}",
  journal = {Advances in Space Research},
archivePrefix = "arXiv",
   eprint = {1106.5194},
     year = 2012,
    month = feb,
   volume = 49,
    pages = {433-450},
      doi = {10.1016/j.asr.2011.10.014},
   adsurl = {http://adsabs.harvard.edu/abs/2012AdSpR..49..433B},
  adsnote = {Provided by the SAO/NASA Astrophysics Data System}
}



@ARTICLE{Sokolowski:2015,
   author = {{Sokolowski}, M. and {Tremblay}, S.~E. and {Wayth}, R.~B. and 
	{Tingay}, S.~J. and {Clarke}, N. and {Roberts}, P. and {Waterson}, M. and 
	{Ekers}, R.~D. and {Hall}, P. and {Lewis}, M. and {Mossammaparast}, M. and 
	{Padhi}, S. and {Schlagenhaufer}, F. and {Sutinjo}, A. and {Tickner}, J.
	},
    title = "{BIGHORNS - Broadband Instrument for Global HydrOgen ReioNisation Signal}",
  journal = {\pasa},
archivePrefix = "arXiv",
   eprint = {1501.02922},
 primaryClass = "astro-ph.IM",
 keywords = {cosmology: observations, dark ages, reionisation, first stars, instrumentation: miscellaneous, methods: data analysis, methods: observational},
     year = 2015,
    month = feb,
   volume = 32,
      eid = {e004},
    pages = {4},
      doi = {10.1017/pasa.2015.3},
   adsurl = {http://adsabs.harvard.edu/abs/2015PASA...32....4S},
  adsnote = {Provided by the SAO/NASA Astrophysics Data System}
}

@ARTICLE{Patra:2016,
   author = {{Patra~et~al.}},
  journal = {\textit{in~prep.}},
    title = "{The Hydrogen Epoch of Reionization Array Dish IV}",
     year = 2016,
}


@ARTICLE{Patra:2015,
   author = {{Patra}, N. and {Bray}, J. and {Ekers}, R. and {Roberts}, P.
	},
    title = "{Bandpass calibration of a wideband spectrometer using pulse injection}",
  journal = {ArXiv e-prints},
archivePrefix = "arXiv",
   eprint = {1502.05862},
 primaryClass = "astro-ph.IM",
 keywords = {Astrophysics - Instrumentation and Methods for Astrophysics},
     year = 2015,
    month = feb,
   adsurl = {http://adsabs.harvard.edu/abs/2015arXiv150205862P},
  adsnote = {Provided by the SAO/NASA Astrophysics Data System}
}


@ARTICLE{Patra:2013,
   author = {{Patra}, N. and {Subrahmanyan}, R. and {Raghunathan}, A. and 
	{Udaya Shankar}, N.},
    title = "{SARAS: a precision system for measurement of the cosmic radio background and signatures from the epoch of reionization}",
  journal = {Experimental Astronomy},
archivePrefix = "arXiv",
   eprint = {1211.3800},
 primaryClass = "astro-ph.IM",
 keywords = {Astronomical instrumentation, Methods and techniques, Methods: observational, Cosmic background radiation, Cosmology: observations, Dark ages, Reionization, First stars, Radio continuum: ISM},
     year = 2013,
    month = aug,
   volume = 36,
    pages = {319-370},
      doi = {10.1007/s10686-013-9336-3},
   adsurl = {http://adsabs.harvard.edu/abs/2013ExA....36..319P},
  adsnote = {Provided by the SAO/NASA Astrophysics Data System}
}


@ARTICLE{Bowman:2010,
   author = {{Bowman}, J.~D. and {Rogers}, A.~E.~E.},
    title = "{A lower limit of {$\Delta$}z{\gt}0.06 for the duration of the reionization epoch}",
  journal = {\nat},
archivePrefix = "arXiv",
   eprint = {1209.1117},
     year = 2010,
    month = dec,
   volume = 468,
    pages = {796-798},
      doi = {10.1038/nature09601},
   adsurl = {http://adsabs.harvard.edu/abs/2010Natur.468..796B},
  adsnote = {Provided by the SAO/NASA Astrophysics Data System}
}

@ARTICLE{Fixsen:2011,
   author = {{Fixsen}, D.~J. and {Kogut}, A. and {Levin}, S. and {Limon}, M. and 
	{Lubin}, P. and {Mirel}, P. and {Seiffert}, M. and {Singal}, J. and 
	{Wollack}, E. and {Villela}, T. and {Wuensche}, C.~A.},
    title = "{ARCADE 2 Measurement of the Absolute Sky Brightness at 3-90 GHz}",
  journal = {\apj},
 keywords = {cosmic background radiation, diffuse radiation, radio continuum: general},
     year = 2011,
    month = jun,
   volume = 734,
      eid = {5},
    pages = {5},
      doi = {10.1088/0004-637X/734/1/5},
   adsurl = {http://adsabs.harvard.edu/abs/2011ApJ...734....5F},
  adsnote = {Provided by the SAO/NASA Astrophysics Data System}
}
